@article{Blundell1995,
author = {{R. Blundell, \emph{et al.}}},
doi = {10.1109/22.375257},
issn = {15579670},
journal = {IEEE Transactions on Microwave Theory and Techniques},
number = {4},
pages = {933--937},
title = {{A Wideband Fixed-Tuned SIS Receiver for 200-GHz Operation}},
volume = {43},
year = {1995}
}
@phdthesis{Mottonen2005,
author = {M{\"{o}}tt{\"{o}}nen, Ville S},
isbn = {951-22-7616-X},
number = {April},
school = {Helsinki University},
title = {{Receiver Front-End Circuits and Components for Millimetre and Submillimetre Wavelengths}},
year = {2005}
}
@article{Kerr2002,
author = {Kerr, A R and Horner, N},
keywords = {directional couplers,millimeter wave,millimeter wave directional couplers,waveguide couplers},
number = {August},
pages = {1--7},
title = {{ALMA Memo 432 A Split-Block Waveguide Directional Coupler}},
year = {2002}
}
@article{Design,
author = {Design, Microwave Filter},
title = {{Microstrip Lines Microstrip Lines - Transmission Line Parameters Microstrip Lines - Transmission Line Parameters}}
}
@techreport{,
title = {{Oxford Project Description}}
}
@article{Eliashberg1972,
author = {Eliashberg, G. M.},
journal = {Sov. Phys. JETP},
number = {3},
pages = {668},
title = {{Inelastic electron collisions and nonequilibrium stationary states in superconductors}},
durl = {http://www.jetp.ac.ru/cgi-bin/dn/e{\_}034{\_}03{\_}0668.pdf{\%}5Cnpapers2://publication/uuid/E7804C3F-54C3-4C82-9CF9-CF4B8227DA57},
volume = {34},
year = {1972}
}
@article{Kerr1997,
author = {Kerr, A. R. and Feldman, M. J. and Pan, S.-K.},
journal = {8th Int. Symp. on Space Terahertz Tech},
pages = {101--111},
title = {{Receiver Noise Temperature, the Quantum Noise Limit, and the Role of the Zero-Point Fluctuations}},
year = {1997}
}
@book{Tinkham2004,
author = {Tinkham, Michael},
edition = {Second},
pages = {454},
publisher = {Dover Publications},
title = {{Introduction to Superconductivity}},
year = {2004}
}
@article{ALMA2015,
archivePrefix = {arXiv},
arxivId = {1504.04877},
author = {{ALMA Partnership, \emph{et al.}}},
doi = {10.1088/2041-8205/808/1/L1},
eprint = {1504.04877},
issn = {2041-8213},
journal = {The Astrophysical Journal},
keywords = {Instrumentation: interferometers,Submillimeter: general,Techniques: high angular resolution,Techniques: interferometric,Telescopes},
month = jul,
number = {1},
pages = {L1},
title = {{THE 2014 ALMA LONG BASELINE CAMPAIGN: AN OVERVIEW}},
durl = {http://stacks.iop.org/2041-8205/808/i=1/a=L1?key=crossref.4e11c054c439c9fde362de2edb427af5},
volume = {808},
year = {2015}
}
@article{Iono2009,
author = {{D. Iono, \emph{et al.}}},
doi = {10.1088/0004-637X/695/2/1537},
issn = {0004-637X},
journal = {The Astrophysical Journal},
keywords = {cosmology,formation,galaxies,high-redshift,observations,starburst},
month = apr,
number = {2},
pages = {1537--1549},
title = {{LUMINOUS INFRARED GALAXIES WITH THE SUBMILLIMETER ARRAY. II. COMPARING THE CO (3-2) SIZES AND LUMINOSITIES OF LOCAL AND HIGH-REDSHIFT LUMINOUS INFRARED GALAXIES}},
durl = {http://stacks.iop.org/0004-637X/695/i=2/a=1537?key=crossref.3a6a2496fa07588ea9d71fa8c9076c83},
volume = {695},
year = {2009}
}
@incollection{Goldsmith2009,
author = {Goldsmith, Paul F.},
booktitle = {Quasioptical Systems},
doi = {10.1109/9780470546291.ch3},
pages = {39--57},
title = {{Gaussian Beam Transformation}},
durl = {http://ieeexplore.ieee.org/search/srchabstract.jsp?arnumber=5264485},
year = {2009}
}
@article{Wade2001,
author = {Wade, By Paul},
pages = {37--48},
title = {{Understanding Circular Waveguide—Experimentally}},
year = {2001}
}
@article{Kerr1998,
author = {{A. Kerr, \emph{et al.}}},
pages = {ALMA memo 205},
title = {{A TUNERLESS SIS MIXER FOR 200 - 280 GHz WITH LOW OUTPUT CAPACITANCE AND INDUCTANCE}},
year = {1998}
}
@article{Dale2012,
archivePrefix = {arXiv},
arxivId = {1112.1093},
author = {{D. Dale, \emph{et al.}}},
doi = {10.1088/0004-637X/745/1/95},
eprint = {1112.1093},
issn = {0004-637X},
journal = {The Astrophysical Journal},
keywords = {ISM: general,galaxies: ISM,infrared: ISM},
month = jan,
number = {1},
pages = {95},
title = {{Herschel Far-Infrared and Submillimeter Photometry for the KINGFISH Sample of Nearby Galaxies}},
durl = {http://stacks.iop.org/0004-637X/745/i=1/a=95?key=crossref.8a0d4907d3d6488247819aadd81ad869},
volume = {745},
year = {2012}
}
@inproceedings{Sundin2006,
author = {Sundin, E and Pavolotsky, A and Risacher, C},
booktitle = {Proceedings of the Sixteenth International Symposium on Space Terahertz Technology (ISSTT)},
number = {January},
pages = {188--190},
title = {{Cryogenic LNA Characterization with SIS Junction as Noise Source}},
durl = {http://www.nrao.edu/meetings/isstt/papers/2005/2005188190.pdf},
year = {2006}
}
@article{Bigiel2011,
author = {{F. Bigiel, \emph{et al.}}},
doi = {10.1088/2041-8205/730/2/L13},
issn = {2041-8205},
journal = {The Astrophysical Journal},
keywords = {evolution,formation,galaxies,ism,radio lines,stars},
month = apr,
number = {2},
pages = {L13},
title = {{A Constant Molecular Gas Depletion Time in Nearby Disk Galaxies}},
durl = {http://stacks.iop.org/2041-8205/730/i=2/a=L13?key=crossref.b7f7ef066e61736a0f7e010a89481d8d},
volume = {730},
year = {2011}
}
@article{Kronig1926,
author = {{de L. Kronig}, R.},
doi = {10.1364/JOSA.12.000547},
issn = {0030-3941},
journal = {Journal of the Optical Society of America},
month = jun,
number = {6},
pages = {547--557},
title = {{On the Theory of Dispersion of X-Rays}},
durl = {https://www.osapublishing.org/abstract.cfm?URI=josa-12-6-547},
volume = {12},
year = {1926}
}
@inproceedings{Maier2016,
address = {Nanjing},
author = {{D. Maier, \emph{et al.}}},
booktitle = {Proceedings of the Twenty-Seventh International Symposium on Space Terahertz Technology (ISSTT)},
title = {{7-pixels prototype for a 230 GHz multi-beam receiver}},
year = {2016}
}
@misc{NRAOa,
author = {NRAO},
title = {{Brightness and Flux Density}},
durl = {http://www.cv.nrao.edu/course/astr534/Brightness.html}
}
@article{Goldsmith1992,
author = {Goldsmith, P.F.},
doi = {10.1109/5.175252},
issn = {00189219},
journal = {Proceedings of the IEEE},
number = {11},
pages = {1729--1747},
title = {{Quasi-optical techniques}},
durl = {http://ieeexplore.ieee.org/document/175252/},
volume = {80},
year = {1992}
}
@article{Kooi2014,
author = {{J. Kooi, \emph{et al.}}},
doi = {10.1109/TTHZ.2013.2293117},
issn = {2156342X},
journal = {IEEE Transactions on Terahertz Science and Technology},
keywords = {AlN tunnel barrier,Allan variance,Superconducting-insulating-superconducting (SIS) m,Wilkinson in phase power combiner,amplitude noise rejection,balanced mixers,broadband waveguide transition,heterodyne receiver,high-current-density,multiple Andreev reflection (MAR),quantum noise limit,synthesized local oscillator (LO),system stability},
number = {2},
pages = {149--164},
title = {{Performance of the caltech submillimeter observatory dual-color 180-720 GHz balanced SIS receivers}},
volume = {4},
year = {2014}
}
@article{Elbaz2011,
archivePrefix = {arXiv},
arxivId = {1105.2537},
author = {{D. Elbaz, \emph{et al.}}},
doi = {10.1051/0004-6361/201117239},
eprint = {1105.2537},
isbn = {0004-6361},
issn = {0004-6361},
journal = {Astronomy {\&} Astrophysics},
keywords = {galaxies: active,galaxies: evolution,galaxies: starburst,infrared: galaxies},
month = sep,
pages = {A119},
title = {{GOODS- Herschel : an infrared main sequence for star-forming galaxies}},
durl = {http://adsabs.harvard.edu/abs/2011A{\&}A...533A.119E http://www.aanda.org/10.1051/0004-6361/201117239},
volume = {533},
year = {2011}
}
@article{Rudner1979,
author = {Rudner, S. and Claeson, T.},
doi = {10.1063/1.90615},
issn = {0003-6951},
journal = {Applied Physics Letters},
month = may,
number = {10},
pages = {711--713},
title = {{Arrays of superconducting tunnel junctions as low-noise 10-GHz mixers}},
durl = {http://aip.scitation.org/doi/10.1063/1.90615},
volume = {34},
year = {1979}
}
@incollection{,
booktitle = {Basic Integrated Circuit Manufacturing},
chapter = {2},
pages = {1--110},
title = {{Basic integrated circuit manufacturing}}
}
@article{Richards1979,
author = {{P. Richards, \emph{et al.}}},
doi = {10.1063/1.90782},
issn = {0003-6951},
journal = {Applied Physics Letters},
month = mar,
number = {5},
pages = {345--347},
title = {{Quasiparticle heterodyne mixing in SIS tunnel junctions}},
durl = {http://scitation.aip.org/content/aip/journal/apl/34/5/10.1063/1.90782 http://aip.scitation.org/doi/10.1063/1.90782},
volume = {34},
year = {1979}
}
@article{Irwin2008,
author = {{K. Irwin, \emph{et al.}}},
doi = {10.1038/nphys1090},
number = {December},
pages = {2--5},
title = {{Amplification and squeezing of quantum noise with a tunable Josephson metamaterial}},
volume = {4},
year = {2008}
}
@article{Roche1991,
author = {{P. Roche, \emph{et al.}}},
doi = {10.1093/mnras/248.4.606},
issn = {0035-8711},
journal = {Monthly Notices of the Royal Astronomical Society},
month = feb,
number = {4},
pages = {606--629},
title = {{An atlas of mid-infrared spectra of galaxy nuclei}},
durl = {https://academic.oup.com/mnras/article-lookup/doi/10.1093/mnras/248.4.606},
volume = {248},
year = {1991}
}
@misc{Wikipedia,
author = {Wikipedia},
title = {{Negative Resistance}}
}
@article{Glisten,
author = {{S. Glisten, \emph{et al.}}},
isbn = {9781604239751},
pages = {5--8},
title = {{The APEX 345Gfiz / 460GETz 7-pixel heterodyne array}}
}
@article{Hollenbach1997,
author = {Hollenbach, D. J. and Tielens, A. G. G. M.},
doi = {10.1146/annurev.astro.35.1.179},
issn = {0066-4146},
journal = {Annual Review of Astronomy and Astrophysics},
month = sep,
number = {1},
pages = {179--215},
title = {{Dense Photodissociation Regions (PDRs)}},
durl = {http://www.annualreviews.org/doi/10.1146/annurev.astro.35.1.179},
volume = {35},
year = {1997}
}
@article{Kozuki2015,
author = {{Y. Kozuki, \emph{et al.}}},
pages = {2015},
title = {{Development for a wideband 100 GHz SIS mixer}},
year = {2015}
}
@article{Carilli2013,
archivePrefix = {arXiv},
arxivId = {1301.0371},
author = {Carilli, C.L. and Walter, Fabian},
doi = {10.1146/annurev-astro-082812-140953},
eprint = {1301.0371},
issn = {0066-4146},
journal = {Annual Review of Astronomy and Astrophysics},
keywords = {atomic fine structure lines,cm,galaxies,galaxy formation,mm,molecular,molecular gas,radio lines},
month = aug,
number = {1},
pages = {105--161},
title = {{Cool Gas in High-Redshift Galaxies}},
durl = {http://arxiv.org/abs/1301.0371{\%}0Ahttp://dx.doi.org/10.1146/annurev-astro-082812-140953 http://www.annualreviews.org/doi/10.1146/annurev-astro-082812-140953},
volume = {51},
year = {2013}
}
@article{Tan2013c,
archivePrefix = {arXiv},
arxivId = {1308.6209},
author = {{B. Tan, \emph{et al.}}},
doi = {10.1093/mnras/stt1625},
eprint = {1308.6209},
issn = {0035-8711},
journal = {Monthly Notices of the Royal Astronomical Society},
keywords = {Galaxies: ISM,Galaxies: individual: ngc 2976,Galaxies: individual: ngc 3351,Infrared: galaxies,Ism: molecules},
month = nov,
number = {1},
pages = {921--933},
title = {{The James Clerk Maxwell Telescope Nearby Galaxies Legacy Survey - IX. 12CO J = 3→2 observations of NGC 2976 and NGC 3351}},
durl = {http://academic.oup.com/mnras/article/436/1/921/977646/The-James-Clerk-Maxwell-Telescope-Nearby-Galaxies},
volume = {436},
year = {2013}
}
@article{Dobbs2013,
archivePrefix = {arXiv},
arxivId = {1310.2432},
author = {Dobbs, Clare},
doi = {10.1093/astrogeo/att165},
eprint = {1310.2432},
issn = {1366-8781},
journal = {Astronomy {\&} Geophysics},
month = oct,
number = {5},
pages = {5.24--5.30},
title = {{Giant molecular clouds: star factories of the galaxy}},
durl = {http://adsabs.harvard.edu/cgi-bin/nph-data{\_}query?bibcode=2013A{\&}G....54e5.24D{\&}link{\_}type=ABSTRACT{\%}5Cnpapers2://publication/doi/10.1093/astrogeo/att165 https://academic.oup.com/astrogeo/article-lookup/doi/10.1093/astrogeo/att165},
volume = {54},
year = {2013}
}
@article{Training,
author = {Training, Hfss},
journal = {Training},
pages = {1--11},
title = {{Port Tutorial Series : Wave vs . Lumped Port Selection}}
}
@article{Schuster2004,
author = {{K. Schuster, \emph{et al.}}},
doi = {10.1051/0004-6361:20034179},
issn = {0004-6361},
journal = {Astronomy {\&} Astrophysics},
keywords = {general,instrumentation,radio lines,spectrographs,spectroscopic,techniques},
month = sep,
number = {3},
pages = {1171--1177},
title = {{A 230 GHz heterodyne receiver array for the IRAM 30 m telescope}},
durl = {http://www.aanda.org/10.1051/0004-6361:20034179},
volume = {423},
year = {2004}
}
@article{Tan2015,
author = {Tan, Boon-Kok and Withington, Stafford and Yassin, Ghassan},
doi = {10.1109/LAWP.2015.2462114},
issn = {1536-1225},
journal = {IEEE Antennas and Wireless Propagation Letters},
number = {Xx},
pages = {593--596},
title = {{A Compact Microstrip-Fed Planar Dual-Dipole Antenna for Broadband Applications}},
durl = {http://ieeexplore.ieee.org/lpdocs/epic03/wrapper.htm?arnumber=7172468 http://ieeexplore.ieee.org/document/7172468/},
volume = {15},
year = {2016}
}
@article{Semenov2016,
archivePrefix = {arXiv},
arxivId = {1603.02726},
author = {{A. Semenov, \emph{et al.}}},
doi = {10.1103/PhysRevLett.117.047002},
eprint = {1603.02726},
isbn = {0031-9007, 1079-7114},
issn = {10797114},
journal = {Physical Review Letters},
number = {4},
pages = {1--5},
title = {{Coherent Excited States in Superconductors due to a Microwave Field}},
volume = {117},
year = {2016}
}
@inproceedings{Payne1995,
address = {Tucson},
annote = {NRAO 8-beam:

- LO injection: Martin-Puplett interferometer
- extremely complicated},
author = {Payne, J.M. and Jewell, P.R.},
booktitle = {Proceedings of the ASP Conference Series},
pages = {114--148},
title = {{The Upgrade of the NRAO 8-beam receiver}},
volume = {75},
year = {1995}
}
@techreport{Asayama2017,
author = {{S. Asayama, \emph{et al.}}},
institution = {ALMA Partnership},
isbn = {978-3-923524-66-2},
title = {{ALMA Cycle 5 Technical Handbook}},
durl = {https://almascience.eso.org/documents-and-tools/cycle5/alma-technical-handbook},
year = {2017}
}
@incollection{Feldman1983,
address = {Boston, MA},
author = {Feldman, M. J. and Rudner, S.},
booktitle = {Reviews of Infrared and Millimeter Waves},
doi = {10.1007/978-1-4615-7766-9_2},
pages = {47--75},
publisher = {Springer US},
title = {{Mixing with SIS Arrays}},
durl = {http://link.springer.com/10.1007/978-1-4615-7766-9{\_}2},
year = {1983}
}
@inproceedings{Groppi2009,
address = {Charlottesville},
annote = {SuperCam

- LO is divided by 8, then by 8 again for 64 channels
- Freespace injection using beamsplitter},
author = {{C. Groppi, \emph{et al.}}},
booktitle = {Proceedings of the Twentieth International Symposium on Space Terahertz Technology (ISSTT)},
isbn = {5206211532},
month = apr,
pages = {90--96},
title = {{SuperCam : A 64 pixel heterodyne array receiver for the 350 GHz Atmospheric Window}},
year = {2009}
}
@phdthesis{Kittara2002,
author = {Kittara, P.},
school = {University of Cambridge},
title = {{The Development of a 700 GHz SIS Mixer with Nb Finline Devices: Nonlinear Mixer Theory, Design Techniques and Experimental Investigation}},
type = {Doctor of Philosophy},
year = {2002}
}
@article{Morgan2010,
archivePrefix = {arXiv},
arxivId = {1008.3501},
author = {Morgan, Matthew A. and Fisher, J. Richard and Boyd, Tod A.},
doi = {10.1109/TMTT.2010.2086510},
eprint = {1008.3501},
isbn = {0018-9480},
issn = {0018-9480},
journal = {IEEE Transactions on Microwave Theory and Techniques},
keywords = {Orthomode transducer (OMT),polarimetry,polarization},
month = dec,
number = {12 PART 1},
pages = {3666--3676},
title = {{Compact Orthomode Transducers Using Digital Polarization Synthesis}},
durl = {http://ieeexplore.ieee.org/lpdocs/epic03/wrapper.htm?arnumber=5617324},
volume = {58},
year = {2010}
}
@misc{,
pages = {1--15},
title = {{Waveguide discontinuities}},
year = {1999}
}
@article{Veilleux1987,
archivePrefix = {arXiv},
arxivId = {arXiv:1011.1669v3},
author = {Veilleux, Sylvain and Osterbrock, Donald E.},
doi = {10.1086/191166},
eprint = {arXiv:1011.1669v3},
isbn = {9788578110796},
issn = {0067-0049},
journal = {The Astrophysical Journal Supplement Series},
month = feb,
pages = {295},
pmid = {25246403},
title = {{Spectral classification of emission-line galaxies}},
durl = {http://adsabs.harvard.edu/doi/10.1086/191166},
volume = {63},
year = {1987}
}
@inproceedings{Kloosterman2012,
author = {{J. Kloosterman, \emph{et al.}}},
booktitle = {Proceedings of SPIE - The International Society for Optical Engineering},
doi = {10.1117/12.925088},
editor = {Holland, Wayne S.},
isbn = {9780819491534},
issn = {0277786X},
keywords = {Array receiver,Heterodyne,Submillimeter},
month = sep,
pages = {845204},
title = {{First observations with SuperCam and future plans}},
durl = {http://proceedings.spiedigitallibrary.org/proceeding.aspx?doi=10.1117/12.925088},
volume = {8452},
year = {2012}
}
@article{Port,
author = {Port, Wave and Terminal, Lumped},
pages = {1--6},
title = {{Wave Ports and Lumped Terminals}}
}
@techreport{Kerr2017,
author = {{A. Kerr, \emph{et al.}}},
institution = {NRAO},
number = {445},
title = {{Development of Second-Generation SIS Receivers for ALMA}},
year = {2017}
}
@article{Fujii2011,
author = {{Y. Fujii, \emph{et al.}}},
doi = {10.1109/TASC.2010.2093861},
issn = {1051-8223},
journal = {IEEE Transactions on Applied Superconductivity},
month = jun,
number = {3},
pages = {606--611},
title = {{Performance of the ALMA Band 10 SIS Receiver Prototype Model}},
durl = {http://ieeexplore.ieee.org/document/5676213/},
volume = {21},
year = {2011}
}
@article{Payne1988,
author = {Payne, J. M.},
doi = {10.1063/1.1140050},
issn = {0034-6748},
journal = {Review of Scientific Instruments},
month = sep,
number = {9},
pages = {1911--1919},
title = {{Multibeam receiver for millimeter-wave radio astronomy}},
durl = {http://aip.scitation.org/doi/10.1063/1.1140050},
volume = {59},
year = {1988}
}
@article{Sakamoto2017,
archivePrefix = {arXiv},
arxivId = {1709.08537},
author = {{K. Sakamoto, \emph{et al.}}},
doi = {10.3847/1538-4357/aa8f4b},
eprint = {1709.08537},
issn = {1538-4357},
journal = {The Astrophysical Journal},
keywords = {active,arp 220,data behind fi gure,galaxies,galaxies: ISM,galaxies: active,galaxies: individual (Arp 220),galaxies: nuclei,individual,ism,nuclei,supporting material},
month = oct,
number = {14},
pages = {11},
publisher = {IOP Publishing},
title = {{Resolved Structure of the Arp 220 Nuclei at $\lambda$ $\approx$ 3 mm}},
durl = {http://arxiv.org/abs/1709.08537{\%}0Ahttp://dx.doi.org/10.3847/1538-4357/aa8f4b http://stacks.iop.org/0004-637X/849/i=1/a=14?key=crossref.2fa6812fbaf8c2a19717d84f4f5d98da},
volume = {849},
year = {2017}
}
@article{Ke1993,
author = {Ke, Qing and Feldman, M.J.},
doi = {10.1109/22.231652},
issn = {00189480},
journal = {IEEE Transactions on Microwave Theory and Techniques},
month = apr,
number = {4},
pages = {600--604},
title = {{Optimum source conductance for high frequency superconducting quasiparticle receivers}},
durl = {http://ieeexplore.ieee.org/document/231652/},
volume = {41},
year = {1993}
}
@inproceedings{Tong2016,
author = {{C. Tong, \emph{et al.}}},
booktitle = {Proceedings Volume 9914, Millimeter, Submillimeter, and Far-Infrared Detectors and Instrumentation for Astronomy VIII},
doi = {10.1117/12.2232776},
editor = {Holland, Wayne S. and Zmuidzinas, Jonas},
isbn = {9781510602076},
issn = {1996756X},
keywords = {beam alignment,local oscillator,receiver,sis receiver,submillimeter receiver,wideband receiver},
month = jul,
pages = {99140F},
title = {{A wideband 240 GHz receiver for the submillimeter array}},
durl = {http://proceedings.spiedigitallibrary.org/proceeding.aspx?doi=10.1117/12.2232776},
year = {2016}
}
@article{Mattis1958,
author = {Mattis, D. C. and Bardeen, J.},
doi = {10.1103/PhysRev.111.412},
issn = {0031-899X},
journal = {Physical Review},
month = jul,
number = {2},
pages = {412--417},
title = {{Theory of the Anomalous Skin Effect in Normal and Superconducting Metals}},
durl = {https://link.aps.org/doi/10.1103/PhysRev.111.412},
volume = {111},
year = {1958}
}
@article{Dieleman1998,
author = {Dieleman, P. and Klapwijk, T. M.},
doi = {10.1063/1.121142},
issn = {00036951},
journal = {Applied Physics Letters},
number = {13},
pages = {1653},
title = {{Shot noise beyond the Tucker theory in niobium tunnel junction mixers}},
durl = {http://scitation.aip.org/content/aip/journal/apl/72/13/10.1063/1.121142},
volume = {72},
year = {1998}
}
@misc{,
number = {c},
title = {{Finlines}},
year = {1999}
}
@article{Boulanger1990,
author = {{F. Boulanger, \emph{et al.}}},
doi = {10.1086/169394},
issn = {0004-637X},
journal = {The Astrophysical Journal},
keywords = {ABUNDANCE,COLOR,EMISSION SPECTRA,FAR INFRARED RADIATION,HEATING,INFRARED ASTRONOMY SATELLITE,INTERSTELLAR MATTER,MOLECULAR CLOUDS,ULTRAVIOLET RADIATION},
month = nov,
number = {1988},
pages = {136},
title = {{Variations in the abundance of transiently heated particles within nearby molecular clouds}},
durl = {http://adsabs.harvard.edu/abs/1990ApJ...364..136B http://adsabs.harvard.edu/doi/10.1086/169394},
volume = {364},
year = {1990}
}
@techreport{Thumm,
author = {Thumm, Manfred and Wiesbeck, Werner},
title = {{Frequency Multipliers}},
durl = {http://www.google.com/durl?sa=t{\&}source=web{\&}cd=14{\&}ved=0CDgQFjADOAo{\&}durl=http://www.qsl.net/va3iul/Frequency{\_}Multipliers/Frequency{\_}Multipliers.pdf{\&}rct=j{\&}q=diode frequency multipliers{\&}ei=YpXtTOv9GI-q8AbC8oGxAQ{\&}usg=AFQjCNEiAiBdHICcXQUeva3mr1k{\_}Xxc21A{\&}cad=rja}
}
@book{Span2000,
address = {Berlin, Heidelberg},
author = {Span, Roland},
doi = {10.1007/978-3-662-04092-8},
isbn = {978-3-642-08671-7},
publisher = {Springer Berlin Heidelberg},
title = {{Multiparameter Equations of State}},
durl = {http://link.springer.com/10.1007/978-3-662-04092-8},
year = {2000}
}
@article{Li2011,
author = {{C. Li, \emph{et al.}}},
doi = {10.1109/TASC.2010.2098835},
issn = {1051-8223},
journal = {IEEE Transactions on Applied Superconductivity},
keywords = {Orthomode transducer,Polarization,SIS mixer,Submillimeter array},
month = jun,
number = {3},
pages = {654--658},
title = {{Development of 460 GHz and Dual Polarization SIS Mixers for the Submillimeter Array}},
durl = {http://ieeexplore.ieee.org/lpdocs/epic03/wrapper.htm?arnumber=5692863},
volume = {21},
year = {2011}
}
@article{MacLow2004,
archivePrefix = {arXiv},
arxivId = {astro-ph/0301093},
author = {{Mac Low}, Mordecai-Mark and Klessen, Ralf S.},
doi = {10.1103/RevModPhys.76.125},
eprint = {0301093},
isbn = {0034-6861},
issn = {0034-6861},
journal = {Reviews of Modern Physics},
month = jan,
number = {1},
pages = {125--194},
primaryClass = {astro-ph},
title = {{Control of star formation by supersonic turbulence}},
durl = {http://link.aps.org/doi/10.1103/RevModPhys.76.125 https://link.aps.org/doi/10.1103/RevModPhys.76.125},
volume = {76},
year = {2004}
}
@article{Raisanen1992,
author = {Raisanen, A.V.},
doi = {10.1109/5.175259},
isbn = {0018-9219},
issn = {00189219},
journal = {Proceedings of the IEEE},
number = {11},
pages = {1842--1852},
title = {{Frequency multipliers for millimeter and submillimeter wavelengths}},
durl = {http://ieeexplore.ieee.org/lpdocs/epic03/wrapper.htm?arnumber=175259},
volume = {80},
year = {1992}
}
@article{Leroy2009,
archivePrefix = {arXiv},
arxivId = {0905.4742},
author = {{A. Leroy, \emph{et al.}}},
doi = {10.1088/0004-6256/137/6/4670},
eprint = {0905.4742},
issn = {0004-6256},
journal = {The Astronomical Journal},
keywords = {ISM: molecules,galaxies: ISM,radio lines: galaxies},
month = jun,
number = {6},
pages = {4670--4696},
title = {{HERACLES: The HERA CO Line Extragalactic Survey}},
durl = {http://stacks.iop.org/1538-3881/137/i=6/a=4670?key=crossref.e19e9dc89f538bce68f790e84e48fdf8},
volume = {137},
year = {2009}
}
@book{Griffiths2013,
address = {Essex},
author = {Griffiths, D.J.},
edition = {Second},
isbn = {978-1292024080},
pages = {432},
publisher = {Pearson Education Ltd.},
title = {{Introduction to Quantum Mechanics}},
year = {2013}
}
@article{Wikipedia2015b,
author = {Wikipedia},
pages = {1--4},
title = {{Frequency-division multiplexing}},
year = {2015}
}
@article{Putz2004,
author = {{P. Putz, \emph{et al.}}},
doi = {10.1117/12.550894},
isbn = {0277-786X},
issn = {0277786X},
journal = {Millimeter and Submillimeter Detectors for Astronomy II.},
keywords = {far-infrared,heterodyne,ism,mixer,receiver,sis,spectral lines,spectroscopy,submillimeter},
pages = {509--516},
title = {{High sensitivity 810 GHz SIS receivers at AST/RO}},
durl = {http://adsabs.harvard.edu/abs/2004SPIE.5498..509P},
volume = {5498},
year = {2004}
}
@article{Frayer2008,
author = {{D. Frayer, \emph{et al.}}},
doi = {10.1086/589830},
issn = {0004-637X},
journal = {The Astrophysical Journal},
month = jun,
number = {1},
pages = {L21--L24},
title = {{Molecular Gas in the z = 1.2 Ultraluminous Merger GOODS J123634.53+621241.3}},
durl = {http://stacks.iop.org/1538-4357/680/i=1/a=L21},
volume = {680},
year = {2008}
}
@inproceedings{Cortes-Medellin2014,
author = {Cortes-Medellin, German},
booktitle = {2014 39th International Conference on Infrared, Millimeter, and Terahertz waves (IRMMW-THz)},
doi = {10.1109/IRMMW-THz.2014.6956432},
isbn = {978-1-4799-3877-3},
month = sep,
pages = {1--2},
publisher = {IEEE},
title = {{Design of high gain THz smooth walled feed horns for CCAT heterodyne camera}},
durl = {http://ieeexplore.ieee.org/document/6956432/},
year = {2014}
}
@article{Rudner1981,
author = {{S. Rudner, \emph{et al.}}},
doi = {10.1109/TMAG.1981.1061162},
issn = {0018-9464},
journal = {IEEE Transactions on Magnetics},
month = jan,
number = {1},
pages = {690--693},
title = {{The antenna-coupled SIS quasiparticle array mixer}},
durl = {http://ieeexplore.ieee.org/document/1061162/},
volume = {17},
year = {1981}
}
@article{Daddi2010a,
archivePrefix = {arXiv},
arxivId = {1003.3889},
author = {{E. Daddi, \emph{et al.}}},
doi = {10.1088/2041-8205/714/1/L118},
eprint = {1003.3889},
issn = {2041-8205},
journal = {The Astrophysical Journal},
keywords = {Cosmology: observations,Galaxies: evolution,Galaxies: formation,Galaxies: starburst,Infrared: galaxies},
month = may,
number = {1},
pages = {L118--L122},
pmid = {276971300024},
title = {{Different Star Formation Laws for Disks Versus Starbursts at Low and High Redshifts}},
durl = {http://stacks.iop.org/2041-8205/714/i=1/a=L118?key=crossref.c1d751d93548a1c5c8f56f079eb0a319},
volume = {714},
year = {2010}
}
@article{Roussel2007,
author = {{H. Roussel, \emph{et al.}}},
doi = {10.1086/521667},
issn = {0004-637X},
journal = {The Astrophysical Journal},
month = nov,
number = {2},
pages = {959--981},
title = {{Warm Molecular Hydrogen in the Spitzer SINGS Galaxy Sample}},
durl = {http://stacks.iop.org/0004-637X/669/i=2/a=959},
volume = {669},
year = {2007}
}
@article{Tan2013a,
author = {{B. Tan, \emph{et al.}}},
doi = {10.1109/TTHZ.2012.2235527},
isbn = {9781627481113},
issn = {2156-342X},
journal = {IEEE Transactions on Terahertz Science and Technology},
keywords = {Superconducting integrated circuits,mixers,silicon-on-insulator (SOI) technology,submillimeter-wave devices,system-on-a-chip},
month = jan,
number = {1},
pages = {32--38},
title = {{Preliminary Measurement Results of a 650 GHz Planar Circuit Balanced SIS Mixer}},
durl = {http://ieeexplore.ieee.org/lpdocs/epic03/wrapper.htm?arnumber=6412820 http://ieeexplore.ieee.org/document/6412820/},
volume = {3},
year = {2013}
}
@article{Nozieres1999,
archivePrefix = {arXiv},
arxivId = {cond-mat/9902273},
author = {Nozieres, P. and Pistolesi, F.},
doi = {10.1007/s100510050897},
eprint = {9902273},
issn = {1434-6028},
primaryClass = {cond-mat},
title = {{From semiconductors to superconductors: a simple model for pseudogaps}},
durl = {http://arxiv.org/abs/cond-mat/9902273{\%}0Ahttp://dx.doi.org/10.1007/s100510050897},
year = {1999}
}
@article{Buckle2009,
archivePrefix = {arXiv},
arxivId = {0907.3610},
author = {{J. Buckle, \emph{et al.}}},
doi = {10.1111/j.1365-2966.2009.15347.x},
eprint = {0907.3610},
isbn = {0035-8711},
issn = {00358711},
journal = {Monthly Notices of the Royal Astronomical Society},
keywords = {Instrumentation: detectors,Instrumentation: spectrographs,Methods: observational,Submillimetre,Techniques: image processing,Techniques: spectroscopic},
month = oct,
number = {2},
pages = {1026--1043},
title = {{HARP/ACSIS: a submillimetre spectral imaging system on the James Clerk Maxwell Telescope}},
durl = {https://academic.oup.com/mnras/article-lookup/doi/10.1111/j.1365-2966.2009.15347.x},
volume = {399},
year = {2009}
}
@article{Lonsdale2003,
author = {{C. Lonsdale, \emph{et al.}}},
doi = {10.1086/376850},
issn = {0004-6280},
journal = {Publications of the Astronomical Society of the Pacific},
month = aug,
number = {810},
pages = {897--927},
title = {{SWIRE: The SIRTF Wide-Area Infrared Extragalactic Survey}},
durl = {http://iopscience.iop.org/article/10.1086/376850},
volume = {115},
year = {2003}
}
@inproceedings{Maier2009,
address = {Charlottesville, VA},
author = {Maier, Doris},
booktitle = {Proceedings of the Twentieth International Symposium on Space Terahertz Technology},
pages = {14--18},
title = {{230 GHz sideband-separating mixer array}},
year = {2009}
}
@article{Giaever1960,
annote = {First paper to look at SIN junctions},
author = {Giaever, Ivar},
doi = {10.1103/PhysRevLett.5.464},
isbn = {0031-9007},
issn = {0031-9007},
journal = {Physical Review Letters},
month = nov,
number = {10},
pages = {464--466},
title = {{Electron Tunneling Between Two Superconductors}},
durl = {https://link.aps.org/doi/10.1103/PhysRevLett.5.464},
volume = {5},
year = {1960}
}
@article{Putz2007,
author = {{P. P{\"{u}}tz, \emph{et al.}}},
doi = {10.1007/s10762-006-9145-0},
issn = {0195-9271},
journal = {International Journal of Infrared and Millimeter Waves},
month = may,
number = {10},
pages = {1365--1379},
title = {{345 GHZ PROTOTYPE SIS MIXER WITH INTEGRATED MMIC LNA}},
durl = {http://link.springer.com/10.1007/s10762-006-9145-0},
volume = {27},
year = {2007}
}
@inproceedings{Tan2015a,
author = {{B. Tan, \emph{et al.}}},
booktitle = {2015 8th UK, Europe, China Millimeter Waves and THz Technology Workshop (UCMMT)},
doi = {10.1109/UCMMT.2015.7460602},
isbn = {978-1-4673-7434-7},
month = sep,
pages = {1--4},
publisher = {IEEE},
title = {{Experimental investigation of a 220 GHz planar multiple bridges superconducting switch}},
durl = {http://ieeexplore.ieee.org/lpdocs/epic03/wrapper.htm?arnumber=7460602},
year = {2015}
}
@article{Scoville2017,
archivePrefix = {arXiv},
arxivId = {1605.09381},
author = {{N. Scoville, \emph{et al.}}},
doi = {10.3847/1538-4357/836/1/66},
eprint = {1605.09381},
issn = {1538-4357},
journal = {The Astrophysical Journal},
keywords = {Galaxy: evolution,ISM: clouds,ISM: molecules,active,arp 220,clouds,evolution,galaxies,galaxies: active,galaxies: individual (Arp 220),galaxies: starburst,galaxy,individual,ism,molecules,starburst},
month = feb,
number = {66},
pages = {18},
publisher = {IOP Publishing},
title = {{ALMA Resolves the Nuclear Disks of Arp 220}},
durl = {http://arxiv.org/abs/1605.09381{\%}0Ahttp://dx.doi.org/10.3847/1538-4357/836/1/66 http://stacks.iop.org/0004-637X/836/i=1/a=66?key=crossref.3959e145d8e5eb6a446c60f17875d0d1},
volume = {836},
year = {2017}
}
@article{Schmidt1959,
author = {Schmidt, Maarten},
doi = {10.1086/146614},
issn = {0004-637X},
journal = {The Astrophysical Journal},
month = mar,
pages = {243},
title = {{The Rate of Star Formation.}},
durl = {http://adsabs.harvard.edu/doi/10.1086/146614},
volume = {129},
year = {1959}
}
@article{Tiwari2018,
archivePrefix = {arXiv},
arxivId = {1803.10164},
author = {{M. Tiwari, \emph{et al.}}},
eprint = {1803.10164},
keywords = {clouds,galactic,hii region,individual,ism,m8,submillimeter},
month = mar,
number = {1976},
pages = {1--18},
title = {{Unveiling the remarkable photodissociation region of M8}},
durl = {http://arxiv.org/abs/1803.10164},
year = {2018}
}
@article{Shan,
author = {{W. Shan, \emph{et al.}}},
keywords = {heterodyne array,planar integration,planar omt,sis mixer},
title = {{Planar Superconductor-Insulator-Superconductor Mixer Array Receivers for Wide Field of View Astronomical Observation}}
}
@article{Dolan1979,
author = {Dolan, G. J. and Phillips, T. G. and Woody, D. P.},
doi = {10.1063/1.90783},
issn = {0003-6951},
journal = {Applied Physics Letters},
month = mar,
number = {5},
pages = {347--349},
title = {{Low-noise 115-GHz mixing in superconducting oxide-barrier tunnel junctions}},
durl = {http://scitation.aip.org/content/aip/journal/apl/34/5/10.1063/1.90783 http://aip.scitation.org/doi/10.1063/1.90783},
volume = {34},
year = {1979}
}
@incollection{Ekin2006,
archivePrefix = {arXiv},
arxivId = {arXiv:1011.1669v3},
author = {Ekin, Jack W.},
booktitle = {Experimental Techniques for Low-Temperature Measurements},
doi = {10.1093/acprof:oso/9780198570547.003.0002},
eprint = {arXiv:1011.1669v3},
isbn = {9780199682676},
issn = {0873626X},
keywords = {Olfaction,Olfactory experience,Representationalism,Subjectivism},
month = oct,
number = {38},
pages = {49--86},
pmid = {16683413},
publisher = {Oxford University Press},
title = {{Heat Transfer at Cryogenic Temperatures}},
durl = {http://www.oxfordscholarship.com/view/10.1093/acprof:oso/9780198570547.001.0001/acprof-9780198570547-chapter-2},
volume = {6},
year = {2006}
}
@inproceedings{Smith2008,
address = {Marseille},
annote = {HARP

- array of beamsplitters
- meander line},
author = {{H. Smith, \emph{et al.}}},
booktitle = {Millimeter and Submillimeter Detectors and Instrumentation for Astronomy, Proceedings of SPIE Vol. 4855,},
doi = {10.1117/12.790707},
editor = {Duncan, William D. and Holland, Wayne S. and Withington, Stafford and Zmuidzinas, Jonas},
isbn = {9780819472304},
issn = {0277786X},
month = aug,
pages = {338--348},
title = {{HARP: a submillimetre heterodyne array receiver operating on the James Clerk Maxwell Telescope}},
durl = {http://proceedings.spiedigitallibrary.org/proceeding.aspx?articleid=966600 http://proceedings.spiedigitallibrary.org/proceeding.aspx?doi=10.1117/12.790707},
year = {2003}
}
@article{Solomon1997,
author = {{P. Solomon, \emph{et al.}}},
doi = {10.1086/303765},
issn = {0004-637X},
journal = {The Astrophysical Journal},
month = mar,
number = {1},
pages = {144--161},
title = {{The Molecular Interstellar Medium in Ultraluminous Infrared Galaxies}},
durl = {http://adsabs.harvard.edu/cgi-bin/nph-data{\_}query?bibcode=1997ApJ...478..144S{\&}link{\_}type=ABSTRACT{\%}5Cnpapers3://publication/doi/10.1086/303765 http://stacks.iop.org/0004-637X/478/i=1/a=144},
volume = {478},
year = {1997}
}
@misc{,
pages = {358--366},
title = {{Slotline}},
year = {1999}
}
@article{Kennicutt2009,
archivePrefix = {arXiv},
arxivId = {1108.2837},
author = {{R. Kennicutt, \emph{et al.}}},
doi = {10.1088/0004-637X/703/2/1672},
eprint = {1108.2837},
issn = {0004-637X},
journal = {The Astrophysical Journal},
keywords = {Extragalactic Astronomy},
month = oct,
number = {2},
pages = {1672--1695},
title = {{DUST-CORRECTED STAR FORMATION RATES OF GALAXIES. I. COMBINATIONS OF H$\alpha$ AND INFRARED TRACERS}},
durl = {http://iopscience.iop.org/0004-637X/741/2/124/article/ http://stacks.iop.org/0004-637X/741/i=2/a=124?key=crossref.1bbce3181243aa29211b4cda9a826beb http://stacks.iop.org/0004-637X/703/i=2/a=1672?key=crossref.e145196311bf3d445c830b80dbe34c29},
volume = {703},
year = {2009}
}
@article{Werthamer1966,
author = {Werthamer, N. R.},
doi = {10.1103/PhysRev.147.255},
issn = {0031-899X},
journal = {Physical Review},
month = jul,
number = {1},
pages = {255--263},
title = {{Nonlinear Self-Coupling of Josephson Radiation in Superconducting Tunnel Junctions}},
durl = {http://link.aps.org/doi/10.1103/PhysRev.147.255},
volume = {147},
year = {1966}
}
@article{Kupriyanov1981,
author = {Kupriyanov, M. Yu and Likharev, K. K. and Lukichev, V. F.},
doi = {10.1016/0378-4363(81)90804-4},
issn = {03784363},
journal = {Physica B+C},
number = {1-3},
pages = {1001--1002},
title = {{Influence of effective electron interaction on critical current of Josephson weak links}},
volume = {108},
year = {1981}
}
@misc{,
pages = {1--8},
title = {{Finline Components}},
volume = {3},
year = {2007}
}
@article{Tielens2008,
author = {Tielens, A.G.G.M.},
doi = {10.1146/annurev.astro.46.060407.145211},
isbn = {0066-4146$\backslash$r978-0-8243-0946-6},
issn = {0066-4146},
journal = {Annual Review of Astronomy and Astrophysics},
keywords = {infrared emission features,infrared spectroscopy,interstellar chemistry,interstellar medium,interstellar molecules},
month = sep,
number = {1},
pages = {289--337},
title = {{Interstellar Polycyclic Aromatic Hydrocarbon Molecules}},
durl = {http://www.annualreviews.org/doi/10.1146/annurev.astro.46.060407.145211},
volume = {46},
year = {2008}
}
@inproceedings{McMahon2009,
author = {{J. McMahon, \emph{et al.}}},
booktitle = {AIP Conference Proceedings},
doi = {10.1063/1.3292386},
isbn = {9780735407510},
issn = {0094243X},
keywords = {Cosmic microwave background,Polarimetry,TES bolometers},
pages = {490--493},
title = {{Planar Orthomode Transducers for Feedhorn-coupled TES Polarimeters}},
durl = {http://scitation.aip.org/content/aip/proceeding/aipcp/10.1063/1.3292386},
volume = {1185},
year = {2009}
}
@techreport{Kramer1997,
author = {Kramer, C.},
institution = {Institut de radioastronomie millim{\'{e}}trique (IRAM)},
title = {{Calibration of spectral line data at the IRAM 30m radio telescope}},
durl = {http://www.iram.es/IRAMES/mainWiki/Iram30mEfficiencies?action=AttachFile{\&}do=get{\&}target=cali{\_}rep.pdf},
year = {1997}
}
@article{Inoue2010,
author = {Inoue, Hirofumi and Noguchi, Takashi and Kohno, Kotaro},
doi = {10.1088/1742-6596/234/4/042014},
issn = {1742-6596},
journal = {Journal of Physics: Conference Series},
month = jun,
number = {4},
pages = {042014},
title = {{SIS junction as a microwave noise source}},
durl = {http://stacks.iop.org/1742-6596/234/i=4/a=042014?key=crossref.1133e036365064092bc4bc4017652b2c},
volume = {234},
year = {2010}
}
@article{Solomon1975,
author = {Solomon, P M and de Zafra, R.},
doi = {10.1086/181853},
issn = {0004-637X},
journal = {The Astrophysical Journal},
month = jul,
pages = {L79},
title = {{Carbon monoxide in external galaxies}},
durl = {http://adsabs.harvard.edu/doi/10.1086/181853},
volume = {199},
year = {1975}
}
@article{Carter2012,
author = {{M. Carter, \emph{et al.}}},
doi = {10.1051/0004-6361/201118452},
issn = {0004-6361},
journal = {Astronomy {\&} Astrophysics},
keywords = {detectors,instrumentation,miscellaneous,techniques},
pages = {A89},
title = {{The EMIR multi-band mm-wave receiver for the IRAM 30-m telescope}},
durl = {http://www.aanda.org/10.1051/0004-6361/201118452},
volume = {538},
year = {2012}
}
@article{Belitsky2006,
author = {{V. Belitsky, \emph{et al.}}},
doi = {10.1007/s10762-006-9116-5},
isbn = {0195-9271},
issn = {01959271},
journal = {International Journal of Infrared and Millimeter Waves},
keywords = {Characteristic impedance,Propagation constant,Superconducting microstrip line},
number = {6},
pages = {809--834},
title = {{Superconducting microstrip line model studies at millimetre and sub-millimetre waves}},
volume = {27},
year = {2006}
}
@article{Rosu1952,
author = {{I. Rosu, \emph{et al.}}},
doi = {11},
title = {{Microstrip , Stripline , and CPW Design}},
year = {1952}
}
@techreport{Henke2015,
address = {Victoria},
author = {Henke, Authors Doug and Claude, St{\'{e}}phane and Francesco, James Di},
institution = {NRC Herzberg Astronomy {\&} Astrophysics},
pages = {37},
title = {{Concept Study of a Millimeter Camera for ALMA}},
durl = {https://science.nrao.edu/facilities/alma/alma-develop-old-022217/ConceptStudyMMCameraDHSCJDMar13c.pdf},
year = {2015}
}
@techreport{Fano1948,
author = {Fano, R. M},
institution = {Massachusetts Institute of Technology (MIT)},
number = {41},
title = {{Theoretical limitations on the broadband matching of arbitrary impedances}},
year = {1948}
}
@article{Tielens1985,
author = {Tielens, A. G. G. M. and Hollenbach, D.},
doi = {10.1086/163111},
issn = {0004-637X},
journal = {The Astrophysical Journal},
month = apr,
number = {1},
pages = {722},
title = {{Photodissociation regions. I - Basic model. II - A model for the Orion photodissociation region}},
durl = {http://adsabs.harvard.edu/doi/10.1086/163111},
volume = {291},
year = {1985}
}
@article{Calzetti2007,
archivePrefix = {arXiv},
arxivId = {0705.3377},
author = {{D. Calzetti, \emph{et al.}}},
doi = {10.1086/520082},
eprint = {0705.3377},
isbn = {0004-637X},
issn = {0004-637X},
journal = {The Astrophysical Journal},
month = sep,
number = {2},
pages = {870--895},
title = {{The Calibration of Mid-Infrared Star Formation Rate Indicators}},
durl = {http://arxiv.org/abs/0705.3377{\%}0Ahttp://dx.doi.org/10.1086/520082 http://stacks.iop.org/0004-637X/666/i=2/a=870},
volume = {666},
year = {2007}
}
@article{Wilson2009,
author = {{C. Wilson, \emph{et al.}}},
doi = {10.1088/0004-637X/693/2/1736},
issn = {0004-637X},
journal = {The Astrophysical Journal},
keywords = {ISM: molecules,galaxies: ISM,galaxies: clusters: individual: Virgo,galaxies: individual: NGC 4254 NGC 4321 NGC 4569 N,galaxies: spiral,stars: formation},
month = mar,
number = {2},
pages = {1736--1748},
title = {{THE JAMES CLERK MAXWELL TELESCOPE NEARBY GALAXIES LEGACY SURVEY. I. STAR-FORMING MOLECULAR GAS IN VIRGO CLUSTER SPIRAL GALAXIES}},
durl = {http://adsabs.harvard.edu/abs/2009ApJ...693.1736W http://stacks.iop.org/0004-637X/693/i=2/a=1736?key=crossref.f06ae307c86589b052b1ed9944bccab4},
volume = {693},
year = {2009}
}
@misc{Wikipedia2015,
author = {Wikipedia},
pages = {1--8},
title = {{Astronomical interferometer}},
year = {2015}
}
@inproceedings{Korn1998,
address = {Kona, HI},
author = {{R. Guesten, \emph{et al.}}},
booktitle = {Proc. SPIE 3357, Advanced Technology MMW, Radio, and Terahertz Telescopes},
doi = {10.1117/12.317349},
keywords = {correlator backend,interstellar carbon,submm array detectors},
month = jul,
pages = {167--177},
title = {{CHAMP: the Carbon Heterodyne Array of the MPIfR}},
durl = {http://proceedings.spiedigitallibrary.org/proceeding.aspx?articleid=946860},
year = {1998}
}
@inproceedings{Kaufmann2010,
author = {{P. Kaufmann, \emph{et al.}}},
booktitle = {Proc. SPIE 7741, Millimeter, Submillimeter, and Far-Infrared Detectors and Instrumentation for Astronomy V},
doi = {10.1117/12.856930},
pages = {774125--774125--10},
title = {{Selective Spectral Detection of Continuum Terahertz Radiation}},
durl = {http://proceedings.spiedigitallibrary.org/proceeding.aspx?articleid=1346810},
year = {2010}
}
@article{Fuzy2010,
author = {Fuzy, Csaba and Zolomy, Attila},
isbn = {978-1-4244-5288-0},
journal = {Microwave Radar and Wireless Communications (MIKON), 2010 18th International Conference on},
keywords = {broadband complex impedance matching,component,distributed matching networks,wideband amplifiers},
number = {1},
pages = {5--8},
title = {{Design of broadband complex impedance-matching networks and their applications for broadbanding microwave amplifiers}},
year = {2010}
}
@article{,
pages = {150--236},
title = {{Calibration and Vector Error Correction}}
}
@article{Kennicutt1998,
archivePrefix = {arXiv},
arxivId = {astro-ph/9807187},
author = {Kennicutt, Robert C.},
doi = {10.1146/annurev.astro.36.1.189},
eprint = {9807187},
isbn = {978-94-007-5608-3},
issn = {0066-4146},
journal = {Annual Review of Astronomy and Astrophysics},
keywords = {36 of annual review,galaxy evolution,of astronomy and astrophysics,spiral galaxies,star formation rates,starbursts,stellar populations,to appear in vol},
month = sep,
number = {1},
pages = {189--231},
primaryClass = {astro-ph},
title = {{Star Formation in Galaxies Along the Hubble Sequence}},
durl = {http://arxiv.org/abs/astro-ph/9807187 http://www.annualreviews.org/doi/pdf/10.1146/annurev.astro.36.1.189 http://www.annualreviews.org/doi/abs/10.1146/annurev.astro.36.1.189 http://www.annualreviews.org/doi/10.1146/annurev.astro.36.1.189},
volume = {36},
year = {1998}
}
@article{Pedro2015,
author = {Pedro, Jose Carlos},
doi = {10.1109/MMM.2015.2453871},
issn = {1527-3342},
journal = {IEEE Microwave Magazine},
month = oct,
number = {9},
pages = {22--35},
title = {{The Wonderful World of Nonlinearity : A Distinguished Microwave Lecture on the Modeling and Characterization of RF and Microwave Circuits}},
durl = {http://ieeexplore.ieee.org/lpdocs/epic03/wrapper.htm?arnumber=7240138},
volume = {16},
year = {2015}
}
@article{Daddi2010,
archivePrefix = {arXiv},
arxivId = {0911.2776},
author = {{E. Daddi, \emph{et al.}}},
doi = {10.1088/0004-637X/713/1/686},
eprint = {0911.2776},
issn = {0004-637X},
journal = {The Astrophysical Journal},
keywords = {cosmology,evolution,formation,galaxies,infrared,observations,starburst},
month = apr,
number = {1},
pages = {686--707},
title = {{Very High Gas Fractions and Extended Gas Reservoirs in z=1.5 Disk Galaxies}},
durl = {http://stacks.iop.org/0004-637X/713/i=1/a=686?key=crossref.2def8b101050ff32c3f7c668c6e2d822},
volume = {713},
year = {2010}
}
@inproceedings{Higgins2013,
address = {Melbourne},
annote = {SMART on NANTEN2:

- LO divided by phase grating
- beamsplitter},
author = {Higgins, Ronan},
booktitle = {NANTEN Workshop},
title = {{NANTEN2 / SMART Receiver overview}},
year = {2013}
}
@article{Du2011,
author = {{J. Du, \emph{et al.}}},
doi = {10.1007/s10762-010-9650-z},
issn = {1866-6892},
journal = {Journal of Infrared, Millimeter, and Terahertz Waves},
keywords = {Imaging,Josephson junction,Millimetre wave,Superconducting detector,Terahertz},
month = may,
number = {5},
pages = {681--690},
title = {{Terahertz and Millimetre Wave Imaging with a Broadband Josephson Detector Working above 77 K}},
durl = {http://link.springer.com/10.1007/s10762-010-9650-z},
volume = {32},
year = {2011}
}
@article{Erickson1985,
author = {Erickson, N.R.},
doi = {10.1109/TMTT.1985.1133191},
issn = {0018-9480},
journal = {IEEE Transactions on Microwave Theory and Techniques},
month = nov,
number = {11},
pages = {1179--1188},
title = {{A Very Low-Noise Single-Sideband Receiver for 200-260 GHz}},
durl = {http://ieeexplore.ieee.org/document/1133191/},
volume = {33},
year = {1985}
}
@article{Baryshev2015,
author = {{A. Baryshev, \emph{et al.}}},
doi = {10.1051/0004-6361/201425529},
issn = {0004-6361},
journal = {Astronomy {\&} Astrophysics},
month = may,
number = {A129},
pages = {12},
title = {{The ALMA Band 9 receiver}},
durl = {http://www.aanda.org/10.1051/0004-6361/201425529},
volume = {577},
year = {2015}
}
@phdthesis{Teipen2006,
author = {Teipen, R T A},
keywords = {HIFI,Herschel},
school = {Universitat zu Koln},
title = {{Design and Analysis of a Broadband SIS-Mixer for the Heterodyne Instrument for the Far Infrared (HIFI) on the Herschel Space Observatory}},
year = {2006}
}
@article{Groppi2011,
author = {Groppi, Christopher E. and Kawamura, Jonathan H.},
doi = {10.1109/TTHZ.2011.2159555},
issn = {2156-342X},
journal = {IEEE Transactions on Terahertz Science and Technology},
keywords = {Radio astronomy,sensor systems and applications,submillimeter wave technology},
month = sep,
number = {1},
pages = {85--96},
title = {{Coherent Detector Arrays for Terahertz Astrophysics Applications}},
durl = {http://ieeexplore.ieee.org/lpdocs/epic03/wrapper.htm?arnumber=6005331},
volume = {1},
year = {2011}
}
@article{Bolatto2013,
author = {Bolatto, Alberto D and Wolfire, Mark and Leroy, Adam K},
doi = {10.1146/annurev-astro-082812-140944},
issn = {0066-4146},
journal = {Annual Review of Astronomy and Astrophysics},
keywords = {galaxies,general,ism,molecules,radio lines},
month = aug,
number = {1},
pages = {207--268},
title = {{The CO-to-\htwo{} Conversion Factor}},
durl = {http://www.annualreviews.org/doi/10.1146/annurev-astro-082812-140944},
volume = {51},
year = {2013}
}
@phdthesis{Garrett2014,
author = {Garrett, John},
title = {{Average Dielectric Property Analysis of Non-Uniform Structures: Tissue Phantom Development, Ultra-Wideband Transmission Measurements, and Signal Processing Techniques}},
year = {2014}
}
@article{,
number = {5},
pages = {2003},
title = {{Fabrication of SOI Wafers Jerzy Ruzyllo , Penn State University}},
year = {2003}
}
@article{Kittara2007,
author = {Kittara, P. and Withington, S. and Yassin, G.},
doi = {10.1063/1.2424407},
issn = {0021-8979},
journal = {Journal of Applied Physics},
month = jan,
number = {2},
pages = {024508},
title = {{Theoretical and numerical analysis of very high harmonic superconducting tunnel junction mixers}},
durl = {http://aip.scitation.org/doi/10.1063/1.2424407},
volume = {101},
year = {2007}
}
@article{Tong2013b,
author = {{C. Tong, \emph{et al.}}},
doi = {10.1109/TTHZ.2013.2259624},
issn = {2156-342X},
journal = {IEEE Transactions on Terahertz Science and Technology},
month = jul,
number = {4},
pages = {428--432},
title = {{Wideband SIS Receivers Using Series Distributed SIS Junction Array}},
durl = {http://ieeexplore.ieee.org/document/6516592/},
volume = {3},
year = {2013}
}
@book{Cyrot1992a,
address = {Singapore},
author = {Cyrot, M. and Pavuna, D.},
isbn = {978-981-02-0144-9},
pages = {262},
publisher = {World Scientific Publishing Co. Pte. Ltd.},
title = {{Introduction To Superconductivity And High-Tc Materials}},
year = {1992}
}
@article{Kerr1981,
author = {{A. Kerr, \emph{et al.}}},
doi = {10.1016/0378-4363(81)90983-9},
issn = {03784363},
journal = {Physica B+C},
month = aug,
number = {1-3},
pages = {1369--1370},
title = {{Infinite available gain in a 115 GHz SIS mixer}},
durl = {http://linkinghub.elsevier.com/retrieve/pii/0378436381909839},
volume = {108},
year = {1981}
}
@article{Siegel2012,
author = {Siegel, Peter H.},
doi = {10.1109/TTHZ.2012.2211353},
issn = {2156-342X},
journal = {IEEE Transactions on Terahertz Science and Technology},
month = sep,
number = {5},
pages = {478--484},
title = {{Terahertz Pioneer: Thomas G. Phillips “The Sky Above, the Mountain Below”}},
durl = {http://ieeexplore.ieee.org/document/6287045/},
volume = {2},
year = {2012}
}
@article{Fujii2017,
author = {{Y. Fujii, \emph{et al.}}},
doi = {10.1088/0953-2048/30/2/024001},
issn = {0953-2048},
journal = {Superconductor Science and Technology},
keywords = {balanced SIS mixer,integration,local oscillator noise,low noise,radio astronomy,terahertz,waveguide 90{\"{i}}¿½ hybrid coupler},
month = feb,
number = {2},
pages = {024001},
publisher = {IOP Publishing},
title = {{Low-noise integrated balanced SIS mixer for 787-950 GHz}},
durl = {http://stacks.iop.org/0953-2048/30/i=2/a=024001?key=crossref.d12deaeec31aefa95e92251dd8962266},
volume = {30},
year = {2017}
}
@article{Wengler1992,
author = {Wengler, M.J.},
doi = {10.1109/5.175257},
issn = {0018-9219},
journal = {Proceedings of the IEEE},
number = {11},
title = {{Submillimeter-wave detection with superconducting tunnel diodes}},
volume = {80},
year = {1992}
}
@book{Poole1995,
author = {Poole, Charles P. and Farach, Horacio A. and Creswick, Richard J.},
edition = {1st},
isbn = {9781483219349},
pages = {636},
publisher = {Academic Press},
title = {{Superconductivity}},
year = {1995}
}
@article{Withington1989,
author = {Withington, Stafford and Kollberg, E.L.},
doi = {10.1109/22.20043},
issn = {00189480},
journal = {IEEE Transactions on Microwave Theory and Techniques},
month = jan,
number = {1},
pages = {231--238},
title = {{Spectral-domain analysis of harmonic effects in superconducting quasiparticle mixers}},
durl = {http://ieeexplore.ieee.org/document/20043/},
volume = {37},
year = {1989}
}
@misc{Weisstein,
author = {Weisstein, Eric W.},
booktitle = {MathWorld--A Wolfram Web Resource},
title = {{Bessel Function Zeros}},
url = {http://mathworld.wolfram.com/BesselFunctionZeros.html},
urldate = {2017-11-16}
}
@phdthesis{Groppi2003,
author = {Groppi, Christopher},
school = {University of Arizona},
title = {{Submillimeter Heterodyne Spectroscopy of Star Forming Regions}},
year = {2003}
}
@article{Goldsmith2017,
author = {Goldsmith, Paul F},
doi = {10.23919/URSIRSB.2017.8267373},
journal = {The Radio Science Bulletin},
month = sep,
number = {362},
pages = {53--73},
title = {{Sub-Millimeter Heterodyne Focal-Plane Arrays for High-Resolution Astronomical Spectroscopy}},
volume = {2017},
year = {2017}
}
@article{Hunt2010,
archivePrefix = {arXiv},
arxivId = {1002.0991},
author = {{L. Hunt, \emph{et al.}}},
doi = {10.1088/0004-637X/712/1/164},
eprint = {1002.0991},
issn = {0004-637X},
journal = {The Astrophysical Journal},
keywords = {Galaxies: ISM,Galaxies: dwarf,Galaxies: irregular,Galaxies: starburst,Infrared: ISM},
month = mar,
number = {1},
pages = {164--187},
title = {{THE SPITZER VIEW OF LOW-METALLICITY STAR FORMATION. III. FINE-STRUCTURE LINES, AROMATIC FEATURES, AND MOLECULES}},
durl = {http://stacks.iop.org/0004-637X/712/i=1/a=164?key=crossref.ce2cf378f5f6504916f61d37a0cf3a37},
volume = {712},
year = {2010}
}
@inproceedings{Yang2010,
address = {Kiel},
author = {{J. Yang, \emph{et al.}}},
booktitle = {The 2nd Chinese-German Workshop on Star {\&} Planet Formation},
title = {{The Superconducting Spectroscopic Array Receiver (SSAR): The Next-Generation Molecular Line Instrument}},
durl = {http://portia.astrophysik.uni-kiel.de/{~}star/SinoGerman2010/Second{\_}Chinese-German{\_}Workshop{\_}on{\_}Star{\_}and{\_}Planet{\_}Formation/Talks/SSAR4Sino-German Workshop2010.pdf},
year = {2010}
}
@article{Frayer2011,
author = {{D. Frayer, \emph{et al.}}},
doi = {10.1088/2041-8205/726/2/L22},
issn = {2041-8205},
journal = {The Astrophysical Journal},
month = jan,
number = {2},
pages = {L22},
title = {{Green Bank Telescope Spectrometer CO(1-0) Observations of the Strongly Lensed Submillimeter Galaxies from the Herschel Atlas}},
durl = {http://stacks.iop.org/2041-8205/726/i=2/a=L22?key=crossref.e4401f2e1ad3d7dd5729a7aa0af1fa77},
volume = {726},
year = {2011}
}
@inproceedings{Graf2003,
address = {Cambridge},
author = {{U. Graf, \emph{et al.}}},
booktitle = {Proceedings of the Thirteenth International Symposium on Space Terahertz Technology (ISSTT)},
doi = {10.1117/12.459669},
issn = {0277786X},
keywords = {integrated optics,phase grating,submillimeter array receiver},
month = mar,
pages = {143--152},
title = {{SMART: The KOSMA sub-millimeter array receiver for two frequencies}},
year = {2002}
}
@incollection{Maier2015,
author = {Maier, Doris},
booktitle = {Applied Superconductivity},
chapter = {8.3},
editor = {Seidel, Paul},
isbn = {9783527670666},
pages = {881--901},
publisher = {Wiley-VCH},
title = {{SIS Mixers}},
year = {2015}
}
@phdthesis{Aude2010a,
author = {Aude, Diana Prado Lopes},
school = {Massachusetts Institute of Technology},
title = {{Modeling Superconductors using Surface Impedance Techniques}},
durl = {http://dspace.mit.edu/handle/1721.1/61254{\%}5Cnpapers2://publication/uuid/0F1BD06C-EF0C-4ED2-9D7B-47C2551DEBEE},
year = {2010}
}
@article{Tucker1980,
author = {Tucker, J. R.},
doi = {10.1063/1.91513},
isbn = {0003-6951},
issn = {0003-6951},
journal = {Applied Physics Letters},
month = mar,
number = {6},
pages = {477--479},
title = {{Predicted conversion gain in superconductor-insulator-superconductor quasiparticle mixers}},
durl = {http://aip.scitation.org/doi/10.1063/1.91513},
volume = {36},
year = {1980}
}
@book{Wilson2009a,
address = {Berlin, Heidelberg},
author = {Wilson, T.L and Rohlfs, K. and Huttemeister, S.},
doi = {10.1007/978-3-540-85122-6},
isbn = {978-3-540-85121-9},
issn = {0941-7834},
publisher = {Springer Berlin Heidelberg},
series = {Astronomy and Astrophysics Library},
title = {{Tools of Radio Astronomy}},
durl = {http://link.springer.com/10.1007/978-3-540-85122-6},
year = {2009}
}
@inproceedings{Garrett2017a,
address = {Cologne Germany},
author = {{J. Garrett, \emph{et al.}}},
booktitle = {Proceedings of the Twenth-Eigth International Symposium on Space Terahertz Technology (ISSTT)},
title = {{Spectral Domain Simulation of SIS Frequency Multiplication}},
year = {2017}
}
@article{Nicol1960,
annote = {First paper to look at SIS junctions},
author = {Nicol, James and Shapiro, Sidney and Smith, Paul H.},
doi = {10.1103/PhysRevLett.5.461},
issn = {0031-9007},
journal = {Physical Review Letters},
month = nov,
number = {10},
pages = {461--464},
title = {{Direct Measurement of the Superconducting Energy Gap}},
durl = {https://link.aps.org/doi/10.1103/PhysRevLett.5.461},
volume = {5},
year = {1960}
}
@article{Yip2002,
author = {{J. Yip, \emph{et al.}}},
doi = {10.1109/MIKON.2002.1017851},
isbn = {8390666251},
journal = {14th International Conference on Microwaves, Radar and Wireless Communications, MIKON 2002},
pages = {282--285},
title = {{The design of waveguide-to-finline taper transitions at millimetre wave frequencies}},
volume = {1},
year = {2002}
}
@article{Regan2006,
author = {{M. Regan, \emph{et al.}}},
doi = {10.1086/505382},
isbn = {0004-637X},
issn = {0004-637X},
journal = {The Astrophysical Journal},
month = dec,
number = {2},
pages = {1112--1121},
title = {{The Radial Distribution of the Interstellar Medium in Disk Galaxies: Evidence for Secular Evolution}},
durl = {http://stacks.iop.org/0004-637X/652/i=2/a=1112},
volume = {652},
year = {2006}
}
@article{Bardeen1962a,
author = {Bardeen, John},
doi = {10.1103/RevModPhys.34.667},
issn = {00346861},
journal = {Reviews of Modern Physics},
number = {4},
pages = {667--681},
title = {{Critical fields and currents in superconductors}},
volume = {34},
year = {1962}
}
@book{Burns1985,
author = {Burns, Gerald},
isbn = {9781483288260},
pages = {775},
publisher = {Academic Press},
title = {{Solid State Physics}},
year = {1985}
}
@article{Boulanger1988,
author = {{F. Boulanger, \emph{et al.}}},
doi = {10.1086/166658},
issn = {0004-637X},
journal = {The Astrophysical Journal},
month = sep,
pages = {328},
title = {{Small grains and IRAS colors}},
durl = {http://adsabs.harvard.edu/doi/10.1086/166658},
volume = {332},
year = {1988}
}
@article{Belitsky1996,
author = {Belitsky, V. Yu. and Kollberg, E. L.},
doi = {10.1063/1.363411},
isbn = {doi:10.1063/1.363411},
issn = {0021-8979},
journal = {Journal of Applied Physics},
month = oct,
number = {8},
pages = {4741--4748},
title = {{Superconductor-insulator-superconductor tunnel strip line: Features and applications}},
durl = {http://scitation.aip.org/content/aip/journal/jap/80/8/10.1063/1.363411 http://aip.scitation.org/doi/10.1063/1.363411},
volume = {80},
year = {1996}
}
@article{Fang2011,
author = {Fang, Ruei Ying and Wang, Chun Long},
doi = {10.1109/TCPMT.2011.2142307},
isbn = {9782874870064},
issn = {21563950},
journal = {IEEE Transactions on Components, Packaging and Manufacturing Technology},
keywords = {Bow-tie antenna,coplanar strip,rectangular waveguide,slotline,stepped-impedance resonator,transition},
number = {8},
pages = {1154--1159},
title = {{Broadband slotline-to-rectangular waveguide transition using a truncated bow-tie antenna}},
volume = {1},
year = {2011}
}
@article{Burton1975,
author = {{W. Burton, \emph{et al.}}},
doi = {10.1086/153950},
issn = {0004-637X},
journal = {The Astrophysical Journal},
month = nov,
pages = {30},
title = {{The overall distribution of carbon monoxide in the plane of the Galaxy}},
durl = {http://adsabs.harvard.edu/doi/10.1086/153950},
volume = {202},
year = {1975}
}
@inproceedings{Tan2012,
author = {{B. Tan, \emph{et al.}}},
booktitle = {IEEE Transactions on Terahertz Science and Technology},
doi = {10.1109/TTHZ.2011.2177736},
isbn = {0277-786X$\backslash$r978-0-81948-231-0},
issn = {2156342X},
keywords = {Horn antenna,submillimeter receivers,superconducting detectors,superconductor-insulator-superconductor (SIS) mixe},
number = {1},
pages = {40--49},
title = {{A 650 GHz unilateral finline SIS mixer fed by a multiple flare-angle smooth-walled horn}},
volume = {2},
year = {2012}
}
@article{Jefferts1970,
author = {Jefferts, K. B. and Penzias, A. A. and Wilson, R. W.},
doi = {10.1086/180576},
issn = {0004-637X},
journal = {The Astrophysical Journal},
month = aug,
pages = {L87},
title = {{Observation of the CN Radical in the Orion Nebula and W51}},
durl = {http://adsabs.harvard.edu/doi/10.1086/180576},
volume = {161},
year = {1970}
}
@inproceedings{Kerr2013,
author = {{A. Kerr, \emph{et al.}}},
booktitle = {2013 IEEE MTT-S International Microwave Symposium Digest (MTT)},
doi = {10.1109/MWSYM.2013.6697439},
isbn = {978-1-4673-6176-7},
issn = {0149645X},
keywords = {ALMA,Heterodyne,Image rejecting,Interferometer,Millimeter-wave,Mixer,Radio astronomy,Receiver,SIS junction,Sideband-separating,Superconductor},
month = jun,
pages = {1--4},
publisher = {IEEE},
title = {{Development of the ALMA-North America sideband-separating SIS mixers}},
durl = {http://ieeexplore.ieee.org/document/6697439/},
year = {2013}
}
@inproceedings{Ke1993a,
address = {Los Angeles, CA},
author = {Ke, Qing and Feldman, M.J.},
booktitle = {Proceedings of the Fourth International Symposium on Space Terahertz Technology (ISSTT)},
pages = {33--40},
title = {{A technique for accurate noise temperature measurements for the superconducting quasiparticle receiver}},
year = {1993}
}
@incollection{Noguchi1998,
annote = {https://books.google.co.uk/books?id=ll26eLzw3jYC{\&}lpg=PA1901{\&}ots=t0P6OxYUW5{\&}dq=mixing{\%}20with{\%}20sis{\%}20arrays{\%}20feldman{\&}pg=PA87{\#}v=onepage{\&}q=mixing{\%}20with{\%}20sis{\%}20arrays{\%}20feldman{\&}f=false},
author = {Noguchi, Takashi and Sheng-Cai, Shi},
booktitle = {Handbook of Applied Superconductivity, Volume 2},
doi = {10.1201/9781420050271.chi6.2},
month = jan,
pages = {1899--1912},
publisher = {Taylor {\&} Francis},
title = {{Superconducting heterodyne receivers}},
durl = {http://www.crcnetbase.com/doi/abs/10.1201/9781420050271.chi6.2},
year = {1998}
}
@article{Pavolotsky2011,
author = {Pavolotsky, Alexey B. and Dochev, Dimitar and Belitsky, Victor},
doi = {10.1063/1.3532040},
issn = {0021-8979},
journal = {Journal of Applied Physics},
month = jan,
number = {2},
pages = {024502},
title = {{Aging- and annealing-induced variations in Nb/Al-AlOx/Nb tunnel junction properties}},
durl = {http://scitation.aip.org/content/aip/journal/jap/109/2/10.1063/1.3532040 http://aip.scitation.org/doi/10.1063/1.3532040},
volume = {109},
year = {2011}
}
@article{Zhu2004,
author = {Zhu, Lei and Menzel, Wolfgang},
doi = {10.1109/TMTT.2004.827034},
issn = {0018-9480},
journal = {IEEE Transactions on Microwave Theory and Techniques},
keywords = {Broad-band,Electromagnetic (EM) coupling,Experimental deembedding,Method of moments (MoM),Microstrip-to-coplanar-waveguide (CPW) transition,Short-open calibration (SOC)},
month = may,
number = {5},
pages = {1517--1522},
title = {{Broad-Band Microstrip-to-CPW Transition via Frequency-Dependent Electromagnetic Coupling}},
durl = {http://ieeexplore.ieee.org/document/1295151/},
volume = {52},
year = {2004}
}
@book{Bahl2013,
archivePrefix = {arXiv},
arxivId = {arXiv:1011.1669v3},
author = {Bahl, Inder},
booktitle = {Artech House},
doi = {10.1017/CBO9781107415324.004},
eprint = {arXiv:1011.1669v3},
isbn = {9788578110796},
issn = {1098-6596},
keywords = {icle},
number = {9},
pages = {1689--1699},
pmid = {25246403},
title = {{Lumped Elements for RF and Microwave Circuits}},
volume = {53},
year = {2013}
}
@article{Bendo2010,
archivePrefix = {arXiv},
arxivId = {0911.3369},
author = {{G. Bendo, \emph{et al.}}},
doi = {10.1111/j.1365-2966.2009.16043.x},
eprint = {0911.3369},
isbn = {0035-8711},
issn = {00358711},
journal = {Monthly Notices of the Royal Astronomical Society},
keywords = {Galaxies: ISM,Galaxies: individual: NGC 2403,Galaxies: spiral,Infrared: galaxies,Radio lines: galaxies},
month = mar,
number = {3},
pages = {1409--1425},
title = {{The JCMT Nearby Galaxies Legacy Survey - III. Comparisons of cold dust, polycyclic aromatic hydrocarbons, molecular gas and atomic gas in NGC 2403}},
durl = {http://mnras.oxfordjournals.org/cgi/doi/10.1111/j.1365-2966.2009.16043.x https://academic.oup.com/mnras/article-lookup/doi/10.1111/j.1365-2966.2009.16043.x},
volume = {402},
year = {2010}
}
@article{Bothwell2013,
author = {{M. Bothwell, \emph{et al.}}},
doi = {10.1093/mnras/sts562},
issn = {1365-2966},
journal = {Monthly Notices of the Royal Astronomical Society},
month = mar,
number = {4},
pages = {3047--3067},
title = {{A survey of molecular gas in luminous sub-millimetre galaxies}},
durl = {http://academic.oup.com/mnras/article/429/4/3047/1011515/A-survey-of-molecular-gas-in-luminous},
volume = {429},
year = {2013}
}
@inproceedings{Wheeler2014,
address = {Tucson},
author = {{C. Groppi, \emph{et al.}}},
booktitle = {Proceedings of the Thirty-Ninth International Conference on Infrared, Millimeter, and Terahertz waves (IRMMW-THz)},
doi = {10.1117/12.927358},
editor = {Holland, Wayne S.},
isbn = {978-1-4799-3877-3},
issn = {21622035},
keywords = {array receivers,thz imaging},
month = sep,
title = {{The Kilopixel Array Pathfinder Project (KAPPa), a 16 pixel integrated heterodyne focal plane array}},
durl = {http://ieeexplore.ieee.org/document/6956177/ http://proceedings.spiedigitallibrary.org/proceeding.aspx?doi=10.1117/12.927358},
volume = {8452},
year = {2012}
}
@article{Desai2007,
author = {{V. Desai, \emph{et al.}}},
doi = {10.1086/522104},
issn = {0004-637X},
journal = {The Astrophysical Journal},
month = nov,
number = {2},
pages = {810--820},
title = {{PAH Emission from Ultraluminous Infrared Galaxies}},
durl = {http://stacks.iop.org/0004-637X/669/i=2/a=810},
volume = {669},
year = {2007}
}
@article{Buckle2009a,
archivePrefix = {arXiv},
arxivId = {0907.3610},
author = {{J. Buckle, \emph{et al.}}},
doi = {10.1111/j.1365-2966.2009.15347.x},
eprint = {0907.3610},
isbn = {0035-8711},
issn = {00358711},
journal = {Monthly Notices of the Royal Astronomical Society},
keywords = {Instrumentation: detectors,Instrumentation: spectrographs,Methods: observational,Submillimetre,Techniques: image processing,Techniques: spectroscopic},
month = oct,
number = {2},
pages = {1026--1043},
title = {{HARP/ACSIS: a submillimetre spectral imaging system on the James Clerk Maxwell Telescope}},
durl = {https://academic.oup.com/mnras/article-lookup/doi/10.1111/j.1365-2966.2009.15347.x},
volume = {399},
year = {2009}
}
@article{Cortzen2018,
author = {{I. Cortzen, \emph{et al.}}},
journal = {submitted to Monthly Notices of the Royal Astronomical Society},
keywords = {evolution,galaxies,ism,star formation},
title = {{PAHs as tracers of the molecular gas in star-forming galaxies}},
year = {2018}
}
@article{Dame1987,
author = {{T. Dame, \emph{et al.}}},
doi = {10.1086/165766},
issn = {0004-637X},
journal = {The Astrophysical Journal},
month = nov,
pages = {706},
title = {{A composite CO survey of the entire Milky Way}},
durl = {http://adsabs.harvard.edu/doi/10.1086/165766},
volume = {322},
year = {1987}
}
@article{Uzawa2017,
author = {{Y. Uzawa, \emph{et al.}}},
doi = {10.1109/TASC.2016.2632628},
issn = {1051-8223},
journal = {IEEE Transactions on Applied Superconductivity},
keywords = {Complex conductivity,Nb/AlN/Nb tunnel junction,NbTiN tuning circuit,SIS mixer,Terahertz},
month = jun,
number = {4},
pages = {1--5},
title = {{Design of Terahertz SIS Mixers Using Nb/AlN/Nb Junctions Integrated With All-NbTiN Tuning Circuits}},
durl = {http://ieeexplore.ieee.org/document/7756399/},
volume = {27},
year = {2017}
}
@article{Bardeen1962,
author = {Bardeen, John},
doi = {10.1103/PhysRevLett.9.147},
issn = {0031-9007},
journal = {Physical Review Letters},
month = aug,
number = {4},
pages = {147--149},
title = {{Tunneling Into Superconductors}},
durl = {http://link.aps.org/doi/10.1103/PhysRevLett.9.147},
volume = {9},
year = {1962}
}
@inproceedings{Grimes2011,
address = {Charlottesville},
author = {{P. Grimes, \emph{et al.}}},
booktitle = {Proceedings of the Twentieth International Symposium on Space Terahertz Technology (ISSTT)},
keywords = {Interferometer,mm-wave},
month = apr,
number = {82-89},
title = {{GUBBINS: A novel Millimeter-wave heterodyne interferometer}},
durl = {papers2://publication/uuid/88D3E678-E8BF-4847-8081-50B4F1990364},
year = {2009}
}
@article{Tacconi2008,
author = {{L. Tacconi, \emph{et al.}}},
doi = {10.1086/587168},
issn = {0004-637X},
journal = {The Astrophysical Journal},
month = jun,
number = {1},
pages = {246--262},
title = {{Submillimeter Galaxies at z $\sim$ 2: Evidence for Major Mergers and Constraints on Lifetimes, IMF, and CO-\htwo{} Conversion Factor}},
durl = {http://stacks.iop.org/0004-637X/680/i=1/a=246},
volume = {680},
year = {2008}
}
@article{Helou1991,
author = {Helou, G. and Ryter, C. and Soifer, B. T.},
doi = {10.1086/170299},
issn = {0004-637X},
journal = {The Astrophysical Journal},
keywords = {COLOR,DISK GALAXIES,GALACTIC RADIATION,GRAINS,INFRARED ASTRONOMY SATELLITE,INFRARED PHOTOMETRY,INTERSTELLAR MATTER},
month = aug,
pages = {505},
title = {{Very small grains and the infrared colors of galaxies}},
durl = {http://adsabs.harvard.edu/abs/1991ApJ...376..505H http://adsabs.harvard.edu/doi/10.1086/170299},
volume = {376},
year = {1991}
}
@incollection{Ford2004,
author = {Ford, Pj and Saunders, Ga},
booktitle = {The Rise of the Superconductors},
doi = {10.1201/9780203646311.ch6},
isbn = {9780203646311},
month = oct,
pages = {83--119},
publisher = {CRC Press},
title = {{What Causes Superconductivity?}},
durl = {http://www.crcnetbase.com/doi/10.1201/9780203646311.ch6},
year = {2004}
}
@techreport{Mixers2010,
address = {Morgan Hill, CA},
author = {Marki, F and Marki, C},
institution = {Marki Microwave, Inc.},
title = {{Mixer Basics Primer: A Tutorial for RF {\&} Microwave Mixers}},
year = {2010}
}
@article{,
pages = {92--102},
title = {{VNA Measurement Systems}}
}
@article{Skalare1989,
author = {Skalare, Anders},
doi = {10.1007/BF01010125},
issn = {0195-9271},
journal = {International Journal of Infrared and Millimeter Waves},
keywords = {SIS,embedding,mixer,quasiparticle},
month = nov,
number = {11},
pages = {1339--1353},
title = {{Determining embedding circuit parameters from DC measurements on quasiparticle mixers}},
durl = {http://link.springer.com/10.1007/BF01010125},
volume = {10},
year = {1989}
}
@article{Fadda2006,
author = {{D. Fadda, \emph{et al.}}},
doi = {10.1086/504034},
issn = {0004-6256},
journal = {The Astronomical Journal},
month = jun,
number = {6},
pages = {2859--2876},
title = {{The Spitzer Space Telescope Extragalactic First Look Survey: 24 $\mu$m Data Reduction, Catalog, and Source Identification}},
durl = {http://stacks.iop.org/1538-3881/131/i=6/a=2859},
volume = {131},
year = {2006}
}
@article{Bezuglyi2006,
author = {{E. Bezuglyi, \emph{et al.}}},
doi = {10.1103/PhysRevB.73.220506},
issn = {1098-0121},
journal = {Physical Review B},
month = jun,
number = {22},
pages = {220506},
title = {{Subgap current in superconducting tunnel junctions with diffusive electrodes}},
durl = {https://link.aps.org/doi/10.1103/PhysRevB.73.220506},
volume = {73},
year = {2006}
}
@article{Schuster2007,
archivePrefix = {arXiv},
arxivId = {astro-ph/0609670},
author = {{K. Schuster, \emph{et al.}}},
doi = {10.1051/0004-6361:20065579},
eprint = {0609670},
isbn = {0004-6361},
issn = {0004-6361},
journal = {Astronomy {\&} Astrophysics},
keywords = {CO,M51,galaxies,molecular clouds,observations},
month = jan,
number = {1},
pages = {143--151},
primaryClass = {astro-ph},
title = {{A complete CO 2-1 map of M 51 with HERA}},
durl = {http://adsabs.harvard.edu/cgi-bin/nph-data{\_}query?bibcode=2007A{\&}A...461..143S{\&}link{\_}type=ABSTRACT{\%}5Cnpapers2://publication/doi/10.1051/0004-6361:20065579 http://www.aanda.org/10.1051/0004-6361:20065579},
volume = {461},
year = {2007}
}
@article{Tan2014,
author = {Tan, Boon-Kok and Yassin, Ghassan and Grimes, Paul},
doi = {10.1109/TTHZ.2013.2296567},
issn = {2156-342X},
journal = {IEEE Transactions on Terahertz Science and Technology},
keywords = {Mixers,submillimeter-wave devices,superconducting integrated circuits,system-on-a-chip},
month = mar,
number = {2},
pages = {165--170},
title = {{Ultra-Wide Intermediate Bandwidth for High-Frequency SIS Mixers}},
durl = {http://ieeexplore.ieee.org/document/6705705/},
volume = {4},
year = {2014}
}
@article{Blake1987,
author = {{G. Blake, \emph{et al.}}},
doi = {10.1086/165165},
issn = {0004-637X},
journal = {The Astrophysical Journal},
month = apr,
pages = {621},
title = {{Molecular abundances in OMC-1 - The chemical composition of interstellar molecular clouds and the influence of massive star formation}},
durl = {http://adsabs.harvard.edu/full/1987ApJ...315..621B7 http://adsabs.harvard.edu/doi/10.1086/165165},
volume = {315},
year = {1987}
}
@article{Wilson2010,
archivePrefix = {arXiv},
arxivId = {1009.3279},
author = {{C. Wilson, \emph{et al.}}},
doi = {10.1111/j.1365-2966.2010.17646.x},
eprint = {1009.3279},
isbn = {0035-8711},
issn = {00358711},
journal = {Monthly Notices of the Royal Astronomical Society},
keywords = {Galaxies: ISM,Galaxies: kinematics and dynamics,Galaxies: spiral,ISM: molecules,Stars: formation},
month = oct,
number = {3},
pages = {no--no},
title = {{The JCMT Nearby Galaxies Legacy Survey - IV. Velocity dispersions in the molecular interstellar medium in spiral galaxies}},
durl = {http://mnras.oxfordjournals.org/cgi/doi/10.1111/j.1365-2966.2010.17646.x https://academic.oup.com/mnras/article-lookup/doi/10.1111/j.1365-2966.2010.17646.x},
volume = {410},
year = {2010}
}
@misc{mw101passives,
booktitle = {Microwaves101},
title = {{Noise Figure of Passives}},
url = {https://www.microwaves101.com/encyclopedias/noise-figure-of-passives{\#}matt},
urldate = {2018-02-21}
}
@phdthesis{Cortzen2016,
author = {Cortzen, Isabella},
school = {University of Copenhagen},
title = {{Examining the Existence of Two Distinct Modes of Star Formation: A Study of the Gas Reservoir and Dust Emission in Star-Forming Galaxies Across Cosmic Time}},
durl = {https://www.google.co.uk/durl?sa=t{\&}rct=j{\&}q={\&}esrc=s{\&}source=web{\&}cd=1{\&}cad=rja{\&}uact=8{\&}ved=0ahUKEwiNtJuund{\_}XAhUCbRQKHUNCDcAQFggtMAA{\&}durl=http{\%}3A{\%}2F{\%}2Fdark.nbi.ku.dk{\%}2Fcalendar{\%}2Fcalendar2016{\%}2Fisabella-cortzen-msc-defense{\%}2FIsabellaCortzen{\_}thesis.pdf{\&}usg=AOvVaw1},
year = {2016}
}
@article{Porterfield1999,
author = {{D. Porterfield, \emph{et al.}}},
doi = {10.1109/22.754875},
isbn = {0018-9480},
issn = {00189480},
journal = {IEEE Transactions on Microwave Theory and Techniques},
keywords = {Balanced doubler,Finite-element method,Frequency multiplier,HFSS,Varactor},
month = apr,
number = {4},
pages = {419--425},
title = {{A high-power fixed-tuned millimeter-wave balanced frequency doubler}},
durl = {http://ieeexplore.ieee.org/lpdocs/epic03/wrapper.htm?arnumber=754875},
volume = {47},
year = {1999}
}
@article{Dynes1978,
author = {Dynes, R. C. and Narayanamurti, V. and Garno, J. P.},
doi = {10.1103/PhysRevLett.41.1509},
isbn = {0031-9007},
issn = {0031-9007},
journal = {Physical Review Letters},
month = nov,
number = {21},
pages = {1509--1512},
title = {{Direct Measurement of Quasiparticle-Lifetime Broadening in a Strong-Coupled Superconductor}},
durl = {http://link.aps.org/doi/10.1103/PhysRevLett.41.1509},
volume = {41},
year = {1978}
}
@inproceedings{Erickson2004,
author = {Erickson, Neal},
booktitle = {International Symposium of Space THz Technology},
pages = {135--142},
title = {{AM Noise in Drivers for Frequency Multiplied Local Oscillators}},
year = {2004}
}
@misc{,
doi = {10.1002/047134608X.W4929},
isbn = {9780471346081},
pages = {2736--2772},
title = {{Microwave detectors}},
year = {1997}
}
@misc{,
title = {{ALMA2014 LBC SVDATA}},
url = {https://casaguides.nrao.edu/index.php/ALMA2014{\_}LBC{\_}SVDATA},
urldate = {2015-08-04},
year = {2015}
}
@article{Saintonge2011,
archivePrefix = {arXiv},
arxivId = {1104.0019},
author = {{A. Saintonge, \emph{et al.}}},
doi = {10.1111/j.1365-2966.2011.18823.x},
eprint = {1104.0019},
issn = {00358711},
journal = {Monthly Notices of the Royal Astronomical Society},
keywords = {Galaxies: ISM,Galaxies: evolution,Galaxies: fundamental parameters,Radio lines: galaxies,Surveys},
month = jul,
number = {1},
pages = {61--76},
title = {{COLD GASS, an IRAM legacy survey of molecular gas in massive galaxies - II. The non-universality of the molecular gas depletion time-scale}},
durl = {https://academic.oup.com/mnras/article-lookup/doi/10.1111/j.1365-2966.2011.18823.x},
volume = {415},
year = {2011}
}
@article{Shan2005,
author = {{W. Shan, \emph{et al.}}},
doi = {10.1109/TASC.2005.849889},
issn = {1051-8223},
journal = {IEEE Transactions on Appiled Superconductivity},
month = jun,
number = {2},
pages = {503--506},
title = {{Design and Development of SIS Mixers for ALMA Band 8}},
durl = {http://ieeexplore.ieee.org/document/1439684/},
volume = {15},
year = {2005}
}
@article{Akgiray2013,
author = {{A. Akgiray, \emph{et al.}}},
doi = {10.1109/TMTT.2013.2273757},
issn = {0018-9480},
journal = {IEEE Transactions on Microwave Theory and Techniques},
month = sep,
number = {9},
pages = {3285--3297},
title = {{Noise Measurements of Discrete HEMT Transistors and Application to Wideband Very Low-Noise Amplifiers}},
durl = {http://ieeexplore.ieee.org/document/6566114/},
volume = {61},
year = {2013}
}
@misc{Sridharan2017,
author = {Sridharan, T. K. and Young, Ken},
title = {{SMA Observer Center}},
url = {http://sma1.sma.hawaii.edu/status.html},
urldate = {2017-11-06},
year = {2017}
}
@article{Phillips1973,
author = {Phillips, T. G. and Jefferts, K. B. and Wannier, P. G.},
doi = {10.1086/181348},
issn = {0004-637X},
journal = {The Astrophysical Journal},
month = nov,
pages = {L19},
title = {{Observation of the J = 2 TO J = 1 Transition of Interstellar CO at 1.3 Millimeters}},
durl = {http://adsabs.harvard.edu/doi/10.1086/181348},
volume = {186},
year = {1973}
}
@techreport{Arp1989,
address = {Boulder, CO},
author = {Arp, Vincent D. and McCarty, Robert. D.},
institution = {National Inst. of Standards and Technology},
pages = {143},
title = {{Thermophysical properties of Helium-4 from 0.8 to 1500 K with pressures to 2000 MPa}},
year = {1989}
}
@article{Pope2013,
author = {{A. Pope, \emph{et al.}}},
doi = {10.1088/0004-637X/772/2/92},
issn = {0004-637X},
journal = {The Astrophysical Journal},
keywords = {color figures,evolution,galaxies,high-redshift,infrared,interactions,ism,online-only material,starburst},
month = jul,
number = {2},
pages = {92},
title = {{Probing the Interstellar Medium of z $\sim$ 1 Ultraluminous Infrared Galaxies Through Interferometric Observations of CO and Spitzer Mid-Infrared Spectroscopy}},
durl = {http://stacks.iop.org/0004-637X/772/i=2/a=92?key=crossref.a9cc33bdd6aac8ed5d4805d042bf2ff4},
volume = {772},
year = {2013}
}
@article{Montazeri2016,
author = {{S. Montazeri, \emph{et al.}}},
doi = {10.1109/TTHZ.2015.2498041},
issn = {2156-342X},
journal = {IEEE Transactions on Terahertz Science and Technology},
month = jan,
number = {1},
pages = {133--140},
title = {{A 220-GHz SIS Mixer Tightly Integrated With a Sub-Hundred-Microwatt SiGe IF Amplifier}},
durl = {http://ieeexplore.ieee.org/document/7337468/},
volume = {6},
year = {2016}
}
@article{Groppi2008,
author = {{C. Groppi, \emph{et al.}}},
journal = {Garden},
number = {April},
pages = {28--30},
title = {{Large Format Heterodyne Arrays for Terahertz Astronomy}},
year = {2008}
}
@article{Rogovin1974,
author = {Rogovin, D and Scalapino, D.J},
doi = {10.1016/0003-4916(74)90430-8},
issn = {00034916},
journal = {Annals of Physics},
month = jul,
number = {1},
pages = {1--90},
title = {{Fluctuation phenomena in tunnel junctions}},
durl = {http://linkinghub.elsevier.com/retrieve/pii/0003491674904308},
volume = {86},
year = {1974}
}
@article{Pope2008,
author = {{A. Pope, \emph{et al.}}},
doi = {10.1086/527030},
issn = {0004-637X},
journal = {The Astrophysical Journal},
month = mar,
number = {2},
pages = {1171--1193},
title = {{Mid-Infrared Spectral Diagnosis of Submillimeter Galaxies}},
durl = {http://stacks.iop.org/0004-637X/675/i=2/a=1171},
volume = {675},
year = {2008}
}
@article{VonEngeln1998,
author = {{a. von Engeln, \emph{et al.}}},
doi = {10.1029/1998JD200035},
issn = {0148-0227},
journal = {Journal of Geophysical Research},
month = dec,
number = {D24},
pages = {31735},
title = {{Retrieval of upper stratospheric and mesospheric temperature profiles from Millimeter-Wave Atmospheric Sounder data}},
durl = {http://doi.wiley.com/10.1029/1998JD200035},
volume = {103},
year = {1998}
}
@article{Shen1980,
author = {{T. Shen, \emph{et al.}}},
doi = {10.1063/1.91654},
issn = {0003-6951},
journal = {Applied Physics Letters},
month = may,
number = {9},
pages = {777--779},
title = {{Conversion gain in mm-wave quasiparticle heterodyne mixers}},
durl = {http://aip.scitation.org/doi/10.1063/1.91654},
volume = {36},
year = {1980}
}
@article{Condon2003,
author = {{J. Condon, \emph{et al.}}},
doi = {10.1086/374633},
issn = {0004-6256},
journal = {The Astronomical Journal},
keywords = {active,catalogs,galaxies,infrared radiation,radio continuum,starburst},
month = may,
number = {5},
pages = {2411--2426},
title = {{The SIRTF First-Look Survey. I. VLA Image and Source Catalog}},
durl = {http://stacks.iop.org/1538-3881/125/i=5/a=2411},
volume = {125},
year = {2003}
}
@article{Dale2009,
archivePrefix = {arXiv},
arxivId = {0811.4190},
author = {{D. Dale, \emph{et al.}}},
doi = {10.1088/0004-637X/693/2/1821},
eprint = {0811.4190},
issn = {0004-637X},
journal = {The Astrophysical Journal},
keywords = {accretion,disks,galaxies: active,galaxies: jets},
month = mar,
number = {2},
pages = {1821--1834},
title = {{The Spitzer Infrared Nearby Galaxies Survey: A High-Resolution Spectroscopy Anthology}},
durl = {http://stacks.iop.org/0004-637X/693/i=2/a=1821?key=crossref.90c45a927df5fc757aba6bd7e4feae9d},
volume = {693},
year = {2009}
}
@article{McKee2007,
archivePrefix = {arXiv},
arxivId = {0707.3514},
author = {McKee, Christopher F and Ostriker, Eve C},
doi = {10.1146/annurev.astro.45.051806.110602},
eprint = {0707.3514},
isbn = {0066-4146},
issn = {0066-4146},
journal = {Annual Review of Astronomy and Astrophysics},
keywords = {accretion,galaxies,giant molecular clouds,gravitational collapse,hii regions,initial mass function,interstellar medium,jets and,magnetohydrodynamics,outflows,protostars,star clusters},
month = sep,
number = {1},
pages = {565--687},
title = {{Theory of Star Formation}},
durl = {http://adsabs.harvard.edu/cgi-bin/nph-data{\_}query?bibcode=2007ARA{\&}A..45..565M{\&}link{\_}type=ABSTRACT{\%}5Cnpapers://0be24a46-325a-4116-a3c6-fd8a3b614472/Paper/p4576 http://www.annualreviews.org/doi/abs/10.1146/annurev.astro.45.051806.110602 http://www.annualrevie},
volume = {45},
year = {2007}
}
@inproceedings{Heyminck2000,
author = {Heyminck, Stefan and Graf, Urs U},
doi = {10.1117/12.389092},
editor = {Melugin, Ramsey K. and Roeser, Hans-Peter},
issn = {0277786X},
keywords = {beam splitter,heterodyne array receiver,phase grating,submillimeter beam multiplexer},
month = jun,
pages = {164},
title = {{Reflection gratings as THz local oscillator multiplexer}},
durl = {http://proceedings.spiedigitallibrary.org/proceeding.aspx?doi=10.1117/12.389092},
volume = {4014},
year = {2000}
}
@misc{NRAO,
author = {NRAO},
title = {{Radiometers}},
durl = {http://www.cv.nrao.edu/course/astr534/Radiometers.html}
}
@phdthesis{Groppi2003a,
author = {Groppi, Christopher},
title = {{Submillimeter Heterodyne Spectroscopy of Star Forming Regions}},
year = {2003}
}
@inproceedings{North2006,
address = {Paris, France},
author = {North, Chris and Yassin, Ghassan and Grimes, Paul},
booktitle = {Proceedings of the Seventeenth International Symposium on Space Terahertz Technology (ISSTT)},
isbn = {9781604239751},
pages = {284--287},
title = {{Rigorous analysis of finline tapers for high performance millimetre and submillimetre detectors}},
durl = {http://onlinelibrary.wiley.com/doi/10.1002/cbdv.200490137/abstract},
year = {2006}
}
@article{Coonrod2013,
author = {Coonrod, By John},
journal = {High Frequency Electronics},
number = {July},
title = {{Choosing Circuit Materials for Millimeter Wave Applications}},
year = {2013}
}
@article{Woody1985,
author = {Woody, D.P. and Miller, R.E. and Wengler, M.J.},
doi = {10.1109/TMTT.1985.1132955},
issn = {0018-9480},
journal = {IEEE Transactions on Microwave Theory and Techniques},
month = feb,
number = {2},
pages = {90--95},
title = {{85--115-GHz Receivers for Radio Astronomy}},
durl = {http://ieeexplore.ieee.org/lpdocs/epic03/wrapper.htm?arnumber=1132955},
volume = {33},
year = {1985}
}
@article{Kojima2017,
author = {{T. Kojima, \emph{et al.}}},
doi = {10.1109/TTHZ.2017.2758260},
issn = {2156-342X},
journal = {IEEE Transactions on Terahertz Science and Technology},
month = nov,
number = {6},
pages = {694--703},
title = {{Performance and Characterization of a Wide IF SIS-Mixer-Preamplifier Module Employing High-J c SIS Junctions}},
durl = {http://ieeexplore.ieee.org/document/8085193/},
volume = {7},
year = {2017}
}
@inproceedings{Garrett2015,
address = {Cambridge, MA},
author = {{J. Garrett, \emph{et al.}}},
booktitle = {Proceedings of the Twenty-Sixth International Symposium on Space Terahertz Technology (ISSTT)},
month = mar,
title = {{A 220 GHz Finline Mixer with Ultra-Wide Instantaneous Bandwidth}},
year = {2015}
}
@article{Tan2013,
author = {{B. Tan, \emph{et al.}}},
doi = {10.1049/el.2013.2491},
issn = {0013-5194},
journal = {Electronics Letters},
month = sep,
number = {20},
pages = {1273--1275},
title = {{650 GHz SIS mixer fabricated on silicon-on-insulator substrate}},
durl = {http://digital-library.theiet.org/content/journals/10.1049/el.2013.2491},
volume = {49},
year = {2013}
}
@article{Scoville1997,
author = {Scoville, N. Z. and Yun, M. S. and Bryant, P. M.},
doi = {10.1086/304368},
issn = {0004-637X},
journal = {The Astrophysical Journal},
month = aug,
number = {2},
pages = {702--719},
title = {{Arcsecond Imaging of CO Emission in the Nucleus of Arp 220}},
durl = {http://stacks.iop.org/0004-637X/484/i=2/a=702},
volume = {484},
year = {1997}
}
@article{Tremonti2004,
archivePrefix = {arXiv},
arxivId = {astro-ph/0405537},
author = {{C. Tremonti, \emph{et al.}}},
doi = {10.1086/423264},
eprint = {0405537},
issn = {0004-637X},
journal = {The Astrophysical Journal},
month = oct,
number = {2},
pages = {898--913},
primaryClass = {astro-ph},
title = {{The Origin of the Mass-Metallicity Relation: Insights from 53,000 Star-forming Galaxies in the Sloan Digital Sky Survey}},
durl = {http://arxiv.org/abs/astro-ph/0405537{\%}0Ahttp://dx.doi.org/10.1086/423264 http://stacks.iop.org/0004-637X/613/i=2/a=898},
volume = {613},
year = {2004}
}
@inproceedings{Nakajima2012,
author = {{T. Nakajima, \emph{et al.}}},
booktitle = {Proceedings of the International Symposium on Space Terahertz Technology (ISSTT)},
isbn = {9781627481113},
title = {{Development of a New Multi-Beam Array 2SB Receiver in 100 GHz Band for the NRO 45-m Radio Telescope}},
year = {2012}
}
@article{Rashid2016,
author = {{H. Rashid, \emph{et al.}}},
doi = {10.1063/1.4947133},
issn = {2158-3226},
journal = {AIP Advances},
month = apr,
number = {4},
pages = {045109},
title = {{Harmonic and reactive behavior of the quasiparticle tunnel current in SIS junctions}},
durl = {http://scitation.aip.org/content/aip/journal/adva/6/4/10.1063/1.4947133 http://aip.scitation.org/doi/10.1063/1.4947133},
volume = {6},
year = {2016}
}
@article{Kennicutt2003,
archivePrefix = {arXiv},
arxivId = {astro-ph/0305437},
author = {{R. Kennicutt, \emph{et al.}}},
doi = {10.1086/376941},
eprint = {0305437},
issn = {0004-6280},
journal = {Publications of the Astronomical Society of the Pacific},
month = aug,
number = {810},
pages = {928--952},
primaryClass = {astro-ph},
title = {{SINGS: The SIRTF Nearby Galaxies Survey}},
durl = {http://arxiv.org/abs/astro-ph/0305437{\%}0Ahttp://dx.doi.org/10.1086/376941 http://iopscience.iop.org/article/10.1086/376941},
volume = {115},
year = {2003}
}
@article{Hicks1985,
author = {Hicks, R. and Feldman, M. and Kerr, A.},
doi = {10.1109/TMAG.1985.1063715},
issn = {0018-9464},
journal = {IEEE Transactions on Magnetics},
month = mar,
number = {2},
pages = {208--211},
title = {{A general numerical analysis of the superconducting quasiparticle mixer}},
durl = {http://ieeexplore.ieee.org/document/1063715/},
volume = {21},
year = {1985}
}
@article{Dayem1962,
author = {Dayem, A. H. and Martin, R. J.},
doi = {10.1103/PhysRevLett.8.246},
issn = {0031-9007},
journal = {Physical Review Letters},
month = mar,
number = {6},
pages = {246--248},
title = {{Quantum Interaction of Microwave Radiation with Tunneling Between Superconductors}},
durl = {http://journals.aps.org/prl/abstract/10.1103/PhysRevLett.8.246 https://link.aps.org/doi/10.1103/PhysRevLett.8.246},
volume = {8},
year = {1962}
}
@article{Draine2007a,
author = {{B. Draine, \emph{et al.}}},
doi = {10.1086/518306},
issn = {0004-637X},
journal = {The Astrophysical Journal},
month = jul,
number = {2},
pages = {866--894},
title = {{Dust Masses, PAH Abundances, and Starlight Intensities in the SINGS Galaxy Sample}},
durl = {http://stacks.iop.org/0004-637X/663/i=2/a=866},
volume = {663},
year = {2007}
}
@article{Anthore2003,
archivePrefix = {arXiv},
arxivId = {cond-mat/0302153},
author = {Anthore, A. and Pothier, H. and Esteve, D.},
doi = {10.1103/PhysRevLett.90.127001},
eprint = {0302153},
isbn = {0031-9007},
issn = {0031-9007},
journal = {Physical Review Letters},
number = {12},
pages = {127001},
pmid = {12688893},
primaryClass = {cond-mat},
title = {{Density of States in a Superconductor Carrying a Supercurrent}},
durl = {https://link.aps.org/doi/10.1103/PhysRevLett.90.127001},
volume = {90},
year = {2003}
}
@article{Mitrovic2008,
archivePrefix = {arXiv},
arxivId = {0707.0786},
author = {Mitrovi{\'{c}}, Bo{\v{z}}idar and Rozema, Lee a},
doi = {10.1088/0953-8984/20/01/015215},
eprint = {0707.0786},
issn = {0953-8984},
journal = {Journal of Physics: Condensed Matter},
month = jan,
number = {1},
pages = {015215},
title = {{On the correct formula for the lifetime broadened superconducting density of states}},
durl = {http://stacks.iop.org/0953-8984/20/i=1/a=015215?key=crossref.6d894e91c42ff0d67563fbce9df33fd7},
volume = {20},
year = {2008}
}
@article{Carilli2010,
author = {{C. Carilli, \emph{et al.}}},
doi = {10.1088/0004-637X/714/2/1407},
issn = {0004-637X},
journal = {The Astrophysical Journal},
month = may,
number = {2},
pages = {1407--1417},
title = {{Imaging the Molecular Gas in a Submillimeter Galaxy at z=4.05: Cold Mode Accretion or a Major Merger?}},
durl = {http://stacks.iop.org/0004-637X/714/i=2/a=1407?key=crossref.ef92c9a28c5705e2d1383fa90160aec1},
volume = {714},
year = {2010}
}
@misc{,
title = {{Microwave circuits}},
year = {1999}
}
@book{Pozar2009,
author = {Pozar, David M},
edition = {4},
publisher = {John Wiley {\&} Sons},
title = {{Microwave engineering}},
year = {2009}
}
@article{Rashid2016b,
author = {{H. Rashid, \emph{et al.}}},
doi = {10.1109/LMWC.2016.2605453},
issn = {1531-1309},
journal = {IEEE Microwave and Wireless Components Letters},
month = oct,
number = {10},
pages = {831--833},
title = {{THz Frequency Up-Conversion using Superconducting Tunnel Junction}},
durl = {http://ieeexplore.ieee.org/document/7576692/},
volume = {26},
year = {2016}
}
@article{Schruba2012,
archivePrefix = {arXiv},
arxivId = {1203.4231},
author = {{A. Schruba, \emph{et al.}}},
doi = {10.1088/0004-6256/143/6/138},
eprint = {1203.4231},
issn = {0004-6256},
journal = {The Astronomical Journal},
keywords = {ISM: molecules,galaxies: ISM,radio lines: galaxies},
month = jun,
number = {6},
pages = {138},
title = {{LOW CO LUMINOSITIES IN DWARF GALAXIES}},
durl = {http://stacks.iop.org/1538-3881/143/i=6/a=138?key=crossref.5ae385cea0142234b44df171b1a97fa1},
volume = {143},
year = {2012}
}
@article{Billade2014,
author = {Billade, Bhushan and Pavolotsky, Alexey and Belitsky, Victor},
doi = {10.1109/TTHZ.2014.2304138},
issn = {2156-342X},
journal = {IEEE Transactions on Terahertz Science and Technology},
keywords = {Frequency multiplier,superconducting devices,thin-film circuits},
month = mar,
number = {2},
pages = {254--259},
title = {{Experimental Study of Frequency Multiplication in a Distributed Array of SIS Junctions}},
durl = {http://ieeexplore.ieee.org/lpdocs/epic03/wrapper.htm?arnumber=6742632 http://ieeexplore.ieee.org/document/6742632/},
volume = {4},
year = {2014}
}
@inproceedings{Groppi2004,
address = {Marseille},
author = {{C. Groppi, \emph{et al.}}},
booktitle = {Proceedings of SPIE - The International Society for Optical Engineering},
doi = {10.1117/12.459361},
editor = {Phillips, Thomas G. and Zmuidzinas, Jonas},
isbn = {5206211532},
issn = {0277786X},
keywords = {sis heterodyne array receiver,submillimeter molecular spectroscopy},
month = feb,
pages = {330--337},
title = {{DesertSTAR: a 7 pixel 345 GHz heterodyne array receiver for the Heinrich Hertz Telescope}},
durl = {http://proceedings.spiedigitallibrary.org/proceeding.aspx?doi=10.1117/12.552492 http://proceedings.spiedigitallibrary.org/proceeding.aspx?doi=10.1117/12.459361},
volume = {4855},
year = {2003}
}
@article{Penzias1971,
author = {Penzias, A. A. and Jefferts, K. B. and Wilson, R W},
doi = {10.1086/150893},
issn = {0004-637X},
journal = {The Astrophysical Journal},
month = may,
pages = {229},
title = {{Interstellar 12C16O, 13C16O, and 12C18O}},
durl = {http://adsabs.harvard.edu/doi/10.1086/150893},
volume = {165},
year = {1971}
}
@article{Dammann1971,
author = {Dammann, H. and G{\"{o}}rtler, K.},
doi = {10.1016/0030-4018(71)90095-2},
isbn = {0030-4018},
issn = {00304018},
journal = {Optics Communications},
month = jul,
number = {5},
pages = {312--315},
title = {{High-efficiency in-line multiple imaging by means of multiple phase holograms}},
durl = {http://linkinghub.elsevier.com/retrieve/pii/0030401871900952},
volume = {3},
year = {1971}
}
@inproceedings{Maier2005,
address = {G{\"{o}}teborg, Sweden},
author = {{D. Maier, \emph{et al.}}},
booktitle = {Proceedings of the Sixteenth International Symposium on Space Terahertz Technology (ISSTT)},
pages = {33--36},
title = {{230 GHz SSB SIS mixer for band 3 of the new generation receivers for the Plateau de Bure interferometer}},
year = {2005}
}
@inproceedings{Ward1999,
address = {Charlottesville VA},
author = {Ward, John and Rice, Frank and Chattopadhyay, Goutam},
booktitle = {Proceedings of the Tenth International Symposium on Space Terahertz Technology (ISSTT)},
pages = {269--281},
title = {{SuperMix : A Flexible Software Library for High-Frequency Circuit Simulation, Including SIS Mixers and Superconducting Elements}},
year = {1999}
}
@article{Perrin2005,
author = {{a. Perrin, \emph{et al.}}},
doi = {10.1007/s10874-005-7185-9},
issn = {0167-7764},
journal = {Journal of Atmospheric Chemistry},
keywords = {Broadening coefficients,Line intensities,Line positions,Millimeter and submillimeter spectral domains,Spectroscopic database},
month = jun,
number = {2},
pages = {161--205},
title = {{Molecular Line Parameters for the “MASTER” (Millimeter Wave Acquisitions for Stratosphere/Troposphere Exchange Research) Database}},
durl = {http://link.springer.com/10.1007/s10874-005-7185-9},
volume = {51},
year = {2005}
}
@article{Hollenbach1999,
author = {Hollenbach, D. J. and Tielens, A. G. G. M.},
doi = {10.1103/RevModPhys.71.173},
issn = {0034-6861},
journal = {Reviews of Modern Physics},
month = jan,
number = {1},
pages = {173--230},
title = {{Photodissociation regions in the interstellar medium of galaxies}},
durl = {https://link.aps.org/doi/10.1103/RevModPhys.71.173},
volume = {71},
year = {1999}
}
@incollection{McCarty1990,
address = {Boston, MA},
author = {McCarty, Robert. D. and Arp, Vincent D.},
booktitle = {Advances in Cryogenic Engineering},
editor = {Fast, R.W.},
isbn = {978-1-4613-0639-9},
publisher = {Springer},
title = {{A New Wide Range Equation of State for Helium}},
year = {1990}
}
@article{Wilson2012,
archivePrefix = {arXiv},
arxivId = {1206.1629},
author = {{C. Wilson, \emph{et al.}}},
doi = {10.1111/j.1365-2966.2012.21453.x},
eprint = {1206.1629},
isbn = {0035-8711},
issn = {00358711},
journal = {Monthly Notices of the Royal Astronomical Society},
keywords = {Galaxies: ISM,Galaxies: kinematics and dynamics,Galaxies: spiral,ISM: molecules,Stars: formation},
month = aug,
number = {4},
pages = {3050--3080},
title = {{The JCMT Nearby Galaxies Legacy Survey - VIII. CO data and the LCO(3-2)-LFIR correlation in the SINGS sample}},
durl = {http://mnras.oxfordjournals.org/cgi/doi/10.1111/j.1365-2966.2012.21453.x https://academic.oup.com/mnras/article-lookup/doi/10.1111/j.1365-2966.2012.21453.x},
volume = {424},
year = {2012}
}
@article{Wilson1970,
author = {Wilson, R. W. and Jefferts, K. B. and Penzias, A. A.},
doi = {10.1086/180567},
issn = {0004-637X},
journal = {The Astrophysical Journal},
month = jul,
pages = {L43},
title = {{Carbon Monoxide in the Orion Nebula}},
durl = {http://adsabs.harvard.edu/doi/10.1086/180567},
volume = {161},
year = {1970}
}
@article{Schiminovich2007,
archivePrefix = {arXiv},
arxivId = {0711.4823},
author = {{D. Schiminovich, \emph{et al.}}},
doi = {10.1086/524659},
eprint = {0711.4823},
issn = {0067-0049},
journal = {The Astrophysical Journal Supplement Series},
month = dec,
number = {2},
pages = {315--341},
title = {{The UV-Optical Color Magnitude Diagram. II. Physical Properties and Morphological Evolution On and Off of a Star-forming Sequence}},
durl = {http://arxiv.org/abs/0711.4823{\%}0Ahttp://dx.doi.org/10.1086/524659 http://stacks.iop.org/0067-0049/173/i=2/a=315},
volume = {173},
year = {2007}
}
@article{Kasai2006,
author = {{Y. Kasai, \emph{et al.}}},
doi = {10.1109/TGRS.2005.861754},
isbn = {0196-2892},
issn = {0196-2892},
journal = {IEEE Transactions on Geoscience and Remote Sensing},
keywords = {Atmospheric profiles retrieval,Limb sounder,Microwave spectroscopy,Stratospheric chemistry,Submillimeter wavelength,Superconducting receiver},
month = mar,
number = {3},
pages = {676--693},
title = {{Stratospheric ozone isotope enrichment studied by submillimeter wave heterodyne radiometry: the observation capabilities of SMILES}},
durl = {http://ieeexplore.ieee.org/lpdocs/epic03/wrapper.htm?arnumber=1597473},
volume = {44},
year = {2006}
}
@inproceedings{Walker2001,
address = {San Diego},
author = {{C. Walker, \emph{et al.}}},
booktitle = {Proceedings of the Twelfth International Symposium on Space Terahertz Technology (ISSTT)},
month = feb,
pages = {540--552},
title = {{PoleStar: An 810 GHz Array Receiver for AST/RO}},
year = {2001}
}
@article{Xie2016,
archivePrefix = {arXiv},
arxivId = {physics/0604155},
author = {Xie, Hao and Belostotski, Leonid and Okoniewski, Michal},
doi = {10.1002/mop.29570},
eprint = {0604155},
isbn = {9781596932067},
issn = {08952477},
journal = {Microwave and Optical Technology Letters},
keywords = {Alot antenna,CPW-fed,Dual-band operation,MIMO,WLAN},
month = feb,
number = {2},
pages = {347--351},
pmid = {21866208},
primaryClass = {physics},
title = {{A 460-GHz CMOS substrate-integrated-waveguide slot-antenna design}},
durl = {http://doi.wiley.com/10.1002/mop.29570},
volume = {58},
year = {2016}
}
@inproceedings{Kasemann2008,
address = {Groningen},
annote = {CHAMP+:

- 660 to 850 GHz
- 2x7 array
- collimating Fourier gratings to divide LO power
- two Martin-Puplett interferometers},
author = {{C. Kasemann, \emph{et al.}}},
booktitle = {Proceedings of the Ninteenth International Symposium on Space Terahterz Technology (ISSTT)},
month = apr,
pages = {166--172},
title = {{CHAMP+: A Powerful Submm Heterodyne Array}},
year = {2008}
}
@inproceedings{Heyminck2016,
address = {Schloss Ringberg},
author = {Heyminck, S.},
booktitle = {Science with the Atacama Pathfinder Experiment (APEX)2},
title = {{A-MKID, PI230, LAsMA: new MPIfR receivers for APEX}},
durl = {https://events.mpifr-bonn.mpg.de/indico/event/8/session/1/contribution/8},
year = {2016}
}
@inproceedings{Schuster1997,
address = {Cambridge, MA},
author = {{K. Schuster, \emph{et al.}}},
booktitle = {Proceedings of the Eighth International Symposium on Space Terahertz Technology (ISSTT)},
pages = {499--504},
title = {{The IRAM 230 GHz Multibeam SIS Receiver}},
durl = {http://proceedings.spiedigitallibrary.org/proceeding.aspx?articleid=900853},
year = {1997}
}
@article{Iwasa2013,
author = {{Y. Iwasa, \emph{et al.}}},
doi = {10.1063/1.4816132},
issn = {00036951},
journal = {Applied Physics Letters},
number = {5},
pages = {2013--2016},
pmid = {23983275},
title = {{Persistent-mode high-temperature superconductor shim coils: A design concept and experimental results of a prototype Z1 high-temperature superconductor shim}},
volume = {103},
year = {2013}
}
@article{Campbell1987,
author = {Campbell, Philip},
doi = {10.1038/330021a0},
issn = {0028-0836},
journal = {Nature},
month = nov,
number = {6143},
pages = {21--24},
title = {{A superconductivity primer}},
durl = {http://www.nature.com/doifinder/10.1038/330021a0},
volume = {330},
year = {1987}
}
@article{Lamb1996,
author = {Lamb, James W.},
doi = {10.1007/BF02069487},
isbn = {0195-9271},
issn = {0195-9271},
journal = {International Journal of Infrared and Millimeter Waves},
keywords = {dielectrics,material properties,millimetrewaves,submilleterwaves},
month = dec,
number = {12},
pages = {1997--2034},
title = {{Miscellaneous data on materials for millimetre and submillimetre optics}},
durl = {http://link.springer.com/10.1007/BF02069487},
volume = {17},
year = {1996}
}
@article{Aude2010,
author = {Aude, Diana Prado Lopes},
title = {{Modeling Superconductors using Surface Impedance Techniques}},
durl = {http://dspace.mit.edu/handle/1721.1/61254{\%}5Cnpapers2://publication/uuid/0F1BD06C-EF0C-4ED2-9D7B-47C2551DEBEE},
year = {2010}
}
@incollection{Cyrot1992,
address = {Singapore},
author = {Cyrot, Michel and Pavuna, Davor},
booktitle = {Introduction to Superconductivity and High-Tc Materials},
pages = {130--165},
publisher = {World Scientific Publishing Co. Pte. Ltd.},
title = {{Josephson Effects}},
year = {1992}
}
@article{Grimes2007,
archivePrefix = {arXiv},
arxivId = {0709.1777},
author = {{P. Grimes, \emph{et al.}}},
doi = {10.1049/el:20071649},
eprint = {0709.1777},
isbn = {0013-5194},
issn = {00135194},
journal = {Electronics Letters},
number = {21},
pages = {1146},
title = {{Compact broadband planar orthomode transducer}},
durl = {http://arxiv.org/abs/0709.1777 http://digital-library.theiet.org/content/journals/10.1049/el{\_}20071649},
volume = {43},
year = {2007}
}
@misc{,
booktitle = {MIT Radiation Laboratory Series},
doi = {10.1016/0016-0032(49)90914-X},
issn = {00160032},
pages = {199--214},
title = {{Microwave Receivers}},
year = {1948}
}
@techreport{Finger,
annote = {ALMA measured the transmission through various materials (dielectrics)},
author = {Finger, Ricardo},
institution = {Atacama Large Millimeter Array (ALMA)},
title = {{ALMA RF membrane simulations}},
year = {2007}
}
@phdthesis{Kooi2008,
author = {Kooi, Jacob Willem and {Prof. dr. W. Wild}, Prof. Dr. Ir. T M Klapwijk},
isbn = {9789036736534},
pages = {350},
school = {Univeristy of Groningen},
title = {{Advanced Receivers for Submillimeter and Far Infrared Astronomy}},
durl = {http://dissertations.ub.rug.nl/faculties/science/2008/j.w.kooi/},
year = {2008}
}
@article{Tolmunen1987,
author = {Tolmunen, Timo J. and Raisanen, Antti V.},
doi = {10.1007/BF01011082},
issn = {0195-9271},
journal = {International Journal of Infrared and Millimeter Waves},
keywords = {doubler,efficiency,embedding impedance,frequency multiplier,millimeter waves,scaled model,schottky-varactor},
month = oct,
number = {10},
pages = {1313--1336},
title = {{An efficient Schottky-varactor frequency multiplier at millimeter waves. Part I: Doubler}},
durl = {http://link.springer.com/10.1007/BF01011082},
volume = {8},
year = {1987}
}
@inproceedings{Graf2008,
address = {Groningen},
author = {{U. Graf, \emph{et al.}}},
booktitle = {Proceedings of the Ninteenth International Symposium on Space Terahertz Technology (ISSTT)},
month = apr,
title = {{Upgrade of the SMART Focal Plane Array Receiver for NANTEN2}},
year = {2008}
}
@article{Scoville1975,
author = {Scoville, N. Z. and Solomon, P M},
doi = {10.1086/181859},
issn = {0004-637X},
journal = {The Astrophysical Journal},
month = jul,
pages = {L105},
title = {{Molecular clouds in the Galaxy}},
durl = {http://adsabs.harvard.edu/doi/10.1086/181859},
volume = {199},
year = {1975}
}
@article{Bardeen1957,
author = {Bardeen, J. and Cooper, L. N. and Schrieffer, J. R.},
doi = {10.1103/PhysRev.108.1175},
isbn = {0738201200},
issn = {0031-899X},
journal = {Physical Review},
month = dec,
number = {5},
pages = {1175--1204},
title = {{Theory of Superconductivity}},
durl = {http://link.aps.org/doi/10.1103/PhysRev.108.1175},
volume = {108},
year = {1957}
}
@article{Barcos2018,
archivePrefix = {arXiv},
arxivId = {1712.06381},
author = {{L. Barcos-Mu{\~{n}}oz, \emph{et al.}}},
doi = {10.3847/2041-8213/aaa28d},
eprint = {1712.06381},
issn = {2041-8213},
journal = {The Astrophysical Journal},
keywords = {active,arp220,galaxies,individual,interactions,starburst},
month = feb,
number = {L28},
pages = {7},
title = {{Fast, Collimated Outflow in the Western Nucleus of Arp 220}},
durl = {http://arxiv.org/abs/1712.06381{\%}0Ahttp://dx.doi.org/10.3847/2041-8213/aaa28d http://stacks.iop.org/2041-8205/853/i=2/a=L28?key=crossref.a863e632ef07a28a2c9b1cdbe448c4da},
volume = {853},
year = {2018}
}
@article{Hartfuss1984,
author = {Hartfuss, H J and Tutter, M},
doi = {10.1007/BF01009604},
issn = {0195-9271},
journal = {International Journal of Infrared and Millimeter Waves},
month = may,
number = {5},
pages = {717--735},
title = {{Minimum noise temperature of a practical SIS quantum mixer}},
durl = {http://link.springer.com/10.1007/BF01009604},
volume = {5},
year = {1984}
}
@article{Withington1995,
author = {{S. Withington, \emph{et al.}}},
doi = {10.1016/1350-4495(95)00058-5},
issn = {13504495},
journal = {Infrared Physics {\&} Technology},
month = dec,
number = {7},
pages = {1059--1075},
title = {{Direct detection at submillimetre wavelengths using superconducting tunnel junctions}},
durl = {http://linkinghub.elsevier.com/retrieve/pii/1350449595000585},
volume = {36},
year = {1995}
}
@article{Koshelets1993,
author = {{V. Koshelets, \emph{et al.}}},
doi = {10.1109/77.233539},
issn = {10518223},
journal = {IEEE Transactions on Appiled Superconductivity},
month = mar,
number = {1},
pages = {2524--2527},
title = {{Superconducting millimeter wave oscillators and SIS mixers integrated on a chip}},
durl = {http://ieeexplore.ieee.org/document/233539/},
volume = {3},
year = {1993}
}
@article{Kerr2002a,
author = {Kerr, A R},
journal = {Symposium A Quarterly Journal In Modern Foreign Literatures},
keywords = {dynamic range,gain compression,saturation,superconductor-insulator-superconductor mixers},
number = {April},
pages = {1--11},
title = {{ALMA Memo 401 Saturation by Noise and CW Signals in SIS Mixers}},
year = {2002}
}
@inproceedings{Tong2015,
author = {{C. Tong, \emph{et al.}}},
booktitle = {2015 IEEE MTT-S International Microwave Symposium},
doi = {10.1109/MWSYM.2015.7166804},
isbn = {978-1-4799-8275-2},
month = may,
pages = {1--4},
publisher = {IEEE},
title = {{Ultra-wide IF bandwidth -- The next frontier for SIS receivers}},
durl = {http://ieeexplore.ieee.org/document/7166804/},
year = {2015}
}
@article{Dhakal2012,
archivePrefix = {arXiv},
arxivId = {1202.0811},
author = {{P. Dhakal, \emph{et al.}}},
eprint = {1202.0811},
journal = {arXiv},
month = feb,
title = {{Superconducting DC and RF Properties of Ingot Niobium}},
durl = {http://arxiv.org/abs/1202.0811},
volume = {1202.0811},
year = {2012}
}
@article{Magnelli2012,
author = {{B. Magnelli, \emph{et al.}}},
doi = {10.1051/0004-6361/201220074},
issn = {0004-6361},
journal = {Astronomy {\&} Astrophysics},
month = dec,
pages = {A22},
title = {{Dust temperature and CO - \htwo{} conversion factor variations in the SFR - M* plane}},
durl = {http://www.aanda.org/10.1051/0004-6361/201220074},
volume = {548},
year = {2012}
}
@misc{,
number = {14},
title = {{Microwave Parametric Amplifiers}},
year = {2007}
}
@article{Murphy2011,
archivePrefix = {arXiv},
arxivId = {1105.4877},
author = {{E. Murphy, \emph{et al.}}},
doi = {10.1088/0004-637X/737/2/67},
eprint = {1105.4877},
isbn = {0004-637X},
issn = {0004-637X},
journal = {The Astrophysical Journal},
keywords = {1250,2500 {\aa},and optical,cosmic rays,e,formation,g,galaxies,general,h ii regions,h $\alpha$,individual,infrared,ngc 6946,obser-,of the radiant energy,radio continuum,released by,rest-frame uv,stars,vations provide a measure},
month = aug,
number = {2},
pages = {67},
title = {{Calibrating Extinction-Free Star Formation Rate Diagnostics with 33 GHz Free-Free Emission in NGC 6946}},
durl = {http://arxiv.org/abs/1105.4877 http://stacks.iop.org/0004-637X/737/i=2/a=67?key=crossref.283e9941552b7c06b87a4904240bae6e},
volume = {737},
year = {2011}
}
@incollection{Dunsmore2012,
author = {Dunsmore, Joel P.},
booktitle = {Handbook of Microwave Component Measurements},
isbn = {9781118391327},
pages = {1--65},
publisher = {John Wiley {\&} Sons, Incorporated},
title = {{Introduction to Microwave Measurements Experiments}},
year = {2012}
}
@article{McGrath1981,
author = {{W. McGrath, \emph{et al.}}},
doi = {10.1063/1.92809},
issn = {0003-6951},
journal = {Applied Physics Letters},
month = oct,
number = {8},
pages = {655--658},
title = {{Large gain, negative resistance, and oscillations in superconducting quasiparticle heterodyne mixers}},
durl = {http://aip.scitation.org/doi/10.1063/1.92809},
volume = {39},
year = {1981}
}
@article{Kennicutt2012,
archivePrefix = {arXiv},
arxivId = {1204.3552},
author = {Kennicutt, Robert C. and Evans, Neal J.},
doi = {10.1146/annurev-astro-081811-125610},
eprint = {1204.3552},
issn = {0066-4146},
journal = {Annual Review of Astronomy and Astrophysics},
keywords = {clouds,evolution,interstellar medium,ism,molecules},
month = sep,
number = {1},
pages = {531--608},
title = {{Star Formation in the Milky Way and Nearby Galaxies}},
durl = {http://arxiv.org/abs/1204.3552{\%}0Ahttp://dx.doi.org/10.1146/annurev-astro-081811-125610 http://www.annualreviews.org/doi/10.1146/annurev-astro-081811-125610},
volume = {50},
year = {2012}
}
@article{Eom2012,
author = {{B. Eom, \emph{et al.}}},
doi = {10.1038/nphys2356},
issn = {1745-2473},
journal = {Nature Physics},
number = {8},
pages = {623--627},
publisher = {Nature Publishing Group},
title = {{A wideband, low-noise superconducting amplifier with high dynamic range}},
durl = {http://dx.doi.org/10.1038/nphys2356},
volume = {8},
year = {2012}
}
@article{Shi2011,
author = {{Y. Shi, \emph{et al.}}},
doi = {10.1088/0004-637X/733/2/87},
issn = {0004-637X},
journal = {The Astrophysical Journal},
keywords = {atoms,color figures,evolution,formation,galaxies,ism,machine-readable table,molecules,online-only material,starburst,stars},
month = jun,
number = {2},
pages = {87},
title = {{Extended Schmidt Law: Role of Existing Stars in Current Star Formation}},
durl = {http://stacks.iop.org/0004-637X/733/i=2/a=87?key=crossref.740b46458df8e1537a142052a5956f79},
volume = {733},
year = {2011}
}
@article{Sargent2014,
archivePrefix = {arXiv},
arxivId = {1303.4392},
author = {{M. Sargent, \emph{et al.}}},
doi = {10.1088/0004-637X/793/1/19},
eprint = {1303.4392},
isbn = {doi:10.1088/0004-637X/793/1/19},
issn = {1538-4357},
journal = {The Astrophysical Journal},
keywords = {cosmology: observations,galaxies: ISM,galaxies: evolution,galaxies: spiral,surveys},
month = aug,
number = {1},
pages = {19},
title = {{Regularity Underlying Complexity: A Redshift-Independent Description of the Continuous Variation of the Galaxy-Scale Molecular Gas Properties in the Mass-Star Formation Rate Plane}},
durl = {http://stacks.iop.org/0004-637X/793/i=1/a=19?key=crossref.b14def79a6b22125e0676faa07b8fac6},
volume = {793},
year = {2014}
}
@article{Bryan2015,
annote = {Example of waveguide choke -- relevant for for OMT},
archivePrefix = {arXiv},
arxivId = {1503.04684},
author = {{S. Bryan, \emph{et al.}}},
eprint = {1503.04684},
journal = {Proceedings of the Twenty-Sixth International Symposium on Space Terahertz Technology (ISSTT)},
month = mar,
pages = {T3--4},
title = {{Design of Dual-Polarization Horn-Coupled Kinetic Inductance Detectors for Cosmic Microwave Background Polarimetry}},
durl = {http://arxiv.org/abs/1503.04684},
year = {2015}
}
@article{Westig2013,
archivePrefix = {arXiv},
arxivId = {1306.6797},
author = {{M. Westig, \emph{et al.}}},
doi = {10.1063/1.4822167},
eprint = {1306.6797},
issn = {0021-8979},
journal = {Journal of Applied Physics},
month = sep,
number = {12},
pages = {124504},
title = {{Improved Nb SIS devices for heterodyne mixers between 700 GHz and 1.3 THz with NbTiN transmission lines using a normal metal energy relaxation layer}},
durl = {http://aip.scitation.org/doi/10.1063/1.4822167},
volume = {114},
year = {2013}
}
@article{Groppi2001,
author = {Groppi, C and Walker, C and Kulesa, C},
journal = {Proc. 14th International Symposium on Space Terahertz Technology},
pages = {189--203},
title = {{Heterodyne Array Development at the University of Arizona}},
year = {2001}
}
@article{Casey2011,
author = {{C. Casey, \emph{et al.}}},
doi = {10.1111/j.1365-2966.2011.18885.x},
issn = {00358711},
journal = {Monthly Notices of the Royal Astronomical Society},
month = aug,
number = {3},
pages = {2723--2743},
title = {{Molecular gas in submillimetre-faint, star-forming ultraluminous galaxies at z {\textgreater} 1}},
durl = {https://academic.oup.com/mnras/article-lookup/doi/10.1111/j.1365-2966.2011.18885.x},
volume = {415},
year = {2011}
}
@inproceedings{Zeng2015,
address = {Cambridge, MA},
author = {{L. Zeng, \emph{et al.}}},
booktitle = {Proceedings of the Twenty-Sixth International Symposium on Space Terahertz Technology (ISSTT)},
title = {{A Wideband Edge-Mode Isolator for Cryogenic Operation}},
durl = {https://www.cfa.harvard.edu/events/2015/isstt2015/proceedings/files/ISSTT2015{\_}P-45{\_}Zeng{\_}Isolator{\_}Abstract.pdf},
year = {2015}
}
@article{Wu2010,
archivePrefix = {arXiv},
arxivId = {1009.1633},
author = {{Y. Wu, \emph{et al.}}},
doi = {10.1088/0004-637X/723/1/895},
eprint = {1009.1633},
isbn = {0004-637X},
issn = {0004-637X},
journal = {The Astrophysical Journal},
keywords = {galaxies: active,galaxies: starburst,infrared: galaxies,surveys},
month = nov,
number = {1},
pages = {895--914},
title = {{Infrared Luminosities and Aromatic Features in the 24 $\mu$m Flux-Limited Sample of 5MUSES}},
durl = {http://adsabs.harvard.edu/abs/2010ApJ...723..895W http://stacks.iop.org/0004-637X/723/i=1/a=895?key=crossref.984b17fc1f919adf22770ad5c7f5f2cd},
volume = {723},
year = {2010}
}
@article{Tien1963,
annote = {First paper to look at photon steps},
author = {Tien, P. K. and Gordon, J. P.},
doi = {10.1103/PhysRev.129.647},
issn = {0031-899X},
journal = {Physical Review},
month = jan,
number = {2},
pages = {647--651},
title = {{Multiphoton Process Observed in the Interaction of Microwave Fields with the Tunneling between Superconductor Films}},
durl = {https://link.aps.org/doi/10.1103/PhysRev.129.647},
volume = {129},
year = {1963}
}
@article{Field2007,
author = {Dutoit, Bertrand},
number = {January},
pages = {2--5},
title = {{Superconductivity I}},
year = {2007}
}
@incollection{Goldsmith2009b,
author = {Goldsmith, Paul F.},
booktitle = {Quasioptical Systems},
doi = {10.1109/9780470546291.ch4},
pages = {59--68},
title = {{Gaussian Beam Coupling}},
durl = {http://ieeexplore.ieee.org/search/srchabstract.jsp?arnumber=5264486},
year = {2009}
}
@article{Phillips1982,
author = {Phillips, T G and Woody, D P},
doi = {10.1146/annurev.aa.20.090182.001441},
issn = {0066-4146},
journal = {Annual Review of Astronomy and Astrophysics},
month = sep,
number = {1},
pages = {285--321},
title = {{Millimeter- And Submillimeter-Wave Receivers}},
durl = {http://www.annualreviews.org/doi/abs/10.1146/annurev.aa.20.090182.001441},
volume = {20},
year = {1982}
}
@article{Leroy2013,
archivePrefix = {arXiv},
arxivId = {arXiv:1301.2328v1},
author = {{A. Leroy, \emph{et al.}}},
doi = {10.1088/0004-6256/146/2/19},
eprint = {arXiv:1301.2328v1},
issn = {0004-6256},
journal = {The Astronomical Journal},
keywords = {ISM: molecules,evolution,galaxies: ISM,galaxies: spiral,stars: formation},
month = jun,
number = {2},
pages = {19},
title = {{Molecular Gas and Star Formation in Nearby Disk Galaxies}},
durl = {http://adsabs.harvard.edu/abs/2013AJ....146...19L{\%}5Cnhttp://stacks.iop.org/1538-3881/146/i=2/a=19 http://stacks.iop.org/1538-3881/146/i=2/a=19?key=crossref.427f94b544938c1d5b88dd0753593b5d},
volume = {146},
year = {2013}
}
@article{Anderson1963,
author = {Anderson, P. W. and Rowell, J. M.},
doi = {10.1103/PhysRevLett.10.230},
issn = {0031-9007},
journal = {Physical Review Letters},
month = mar,
number = {6},
pages = {230--232},
title = {{Probable Observation of the Josephson Superconducting Tunneling Effect}},
durl = {https://link.aps.org/doi/10.1103/PhysRevLett.10.230},
volume = {10},
year = {1963}
}
@inproceedings{Iguchi2014,
address = {Montreal},
author = {Iguchi, Satoru and Iono, Daisuke},
booktitle = {SPIE Astronomical Telescopes + Instrumentation},
doi = {10.1117/12.2055812},
editor = {Stepp, Larry M. and Gilmozzi, Roberto and Hall, Helen J.},
pages = {914520},
title = {{What are scientifically valuable developments for ALMA enhancement?}},
durl = {http://proceedings.spiedigitallibrary.org/proceeding.aspx?doi=10.1117/12.2055812},
year = {2014}
}
@article{Schmuser,
author = {Schm{\"{u}}ser, Peter},
title = {{Superconductivity}}
}
@article{Daddi2007,
archivePrefix = {arXiv},
arxivId = {arXiv:0705.2831v2},
author = {{E. Daddi, \emph{et al.}}},
doi = {10.1086/521818},
eprint = {arXiv:0705.2831v2},
issn = {0004-637X},
journal = {The Astrophysical Journal},
month = nov,
number = {1},
pages = {156--172},
title = {{Multiwavelength Study of Massive Galaxies at z $\sim$2. I. Star Formation and Galaxy Growth}},
durl = {http://stacks.iop.org/0004-637X/670/i=1/a=156},
volume = {670},
year = {2007}
}
@article{Noguchi2012,
author = {Noguchi, Takashi and Naruse, Masato and Sekimoto, Yutaro},
doi = {10.1016/j.phpro.2012.06.166},
issn = {18753892},
journal = {Physics Procedia},
keywords = {Complex conductivity,Q value,Quasiparticles,Resonator,Superconductor,Surface impedance},
pages = {318--323},
title = {{RF Conductivity and Surface Impedance of a Superconductor Taking into Account the Complex Superconducting gap Energy}},
durl = {http://dx.doi.org/10.1016/j.phpro.2012.06.166 http://linkinghub.elsevier.com/retrieve/pii/S1875389212021037},
volume = {36},
year = {2012}
}
@inproceedings{Leech2015,
address = {Cambridge, MA},
author = {{J. Leech, \emph{et al.}}},
booktitle = {Proceedings of the Twenty-Sixth International Symposium on Space Terahertz Technology (ISSTT)},
month = mar,
title = {{An SIS mixer based focal-plane array at 230 GHz}},
year = {2015}
}
@article{,
number = {July},
pages = {43--44},
title = {{No Title}},
volume = {1970},
year = {1970}
}
@article{Billade2013,
author = {{B. Billade, \emph{et al.}}},
number = {4},
pages = {416--421},
title = {{An SIS Mixer With DSB Noise Temperature at 163 - 211 GHz Band}},
volume = {3},
year = {2013}
}
@article{Cooper1956,
archivePrefix = {arXiv},
arxivId = {1506.05455},
author = {Cooper, Leon N.},
doi = {10.1103/PhysRev.104.1189},
eprint = {1506.05455},
isbn = {0031-899X$\backslash$n1536-6065},
issn = {0031-899X},
journal = {Physical Review},
month = nov,
number = {4},
pages = {1189--1190},
title = {{Bound Electron Pairs in a Degenerate Fermi Gas}},
durl = {https://link.aps.org/doi/10.1103/PhysRev.104.1189},
volume = {104},
year = {1956}
}
@techreport{Fangohr2014,
author = {Fangohr, Hans},
pages = {162},
title = {{Introduction to Python for Computational Science and Engineering}},
year = {2014}
}
@article{Wyrowski,
author = {Wyrowski, Friedrich},
title = {{The role of APEX as a pathfinder for AtLAST AtFIRST : APEX ( in a nutshell )}}
}
@article{Esaki1958,
author = {Esaki, Leo},
doi = {10.1103/PhysRev.109.603},
isbn = {0031-899X},
issn = {0031-899X},
journal = {Physical Review},
month = jan,
number = {2},
pages = {603--604},
pmid = {21834870},
title = {{New Phenomenon in Narrow Germanium p-n Junctions}},
durl = {http://link.aps.org/doi/10.1103/PhysRev.109.603},
volume = {109},
year = {1958}
}
@phdthesis{Tan2012a,
author = {Tan, Boon-kok},
pages = {236},
school = {University of Oxford},
title = {{Development of Coherent Detector Technologies for Sub-Millimeter Wave Astronomy Observations}},
type = {DPhil},
year = {2012}
}
@article{Genzel2010,
archivePrefix = {arXiv},
arxivId = {1003.5180},
author = {{R. Genzel, \emph{et al.}}},
doi = {10.1111/j.1365-2966.2010.16969.x},
eprint = {1003.5180},
issn = {00358711},
journal = {Monthly Notices of the Royal Astronomical Society},
keywords = {Galaxies: ISM,Galaxies: Starbursts.,Galaxies: evolution,ISM: molecules,Stars: formation},
month = sep,
number = {4},
pages = {2091--2108},
title = {{A study of the gas-star formation relation over cosmic time}},
durl = {https://academic.oup.com/mnras/article-lookup/doi/10.1111/j.1365-2966.2010.16969.x},
volume = {407},
year = {2010}
}
@inproceedings{Leech2012,
author = {{J. Leech, \emph{et al.}}},
booktitle = {IEEE Transactions on Terahertz Science and Technology},
doi = {10.1109/TTHZ.2011.2177701},
isbn = {2156-342X},
issn = {2156342X},
keywords = {Antenna radiation patterns,genetic algorithms,horn antennas,radio astronomy},
month = jan,
number = {1},
pages = {61--70},
title = {{Experimental investigation of a low-cost, high performance focal-plane horn array}},
durl = {http://ieeexplore.ieee.org/lpdocs/epic03/wrapper.htm?arnumber=6097084},
volume = {2},
year = {2012}
}
@article{Kirkpatrick2014,
archivePrefix = {arXiv},
arxivId = {1411.1065},
author = {{A. Kirkpatrick, \emph{et al.}}},
doi = {10.1088/0004-637X/796/2/135},
eprint = {1411.1065},
issn = {1538-4357},
journal = {The Astrophysical Journal},
month = nov,
number = {2},
pages = {135},
title = {{Early Science with the Large Millimeter Telescope: Exploring the Effect of AGN Activity on the Relationships Between Molecular Gas, Dust, and Star Formation}},
durl = {http://arxiv.org/abs/1411.1065 http://dx.doi.org/10.1088/0004-637X/796/2/135 http://stacks.iop.org/0004-637X/796/i=2/a=135?key=crossref.3b47f48bccf4331877550ebe2c26ca09},
volume = {796},
year = {2014}
}
@article{Tong1990,
author = {Tong, Cheuk Yu Edward and Blundell, Raymond},
doi = {10.1109/22.58676},
issn = {15579670},
journal = {IEEE Transactions on Microwave Theory and Techniques},
number = {10},
pages = {1391--1398},
title = {{Simulation of the Superconducting Quasiparticle Mixer using a Five-Port Model}},
volume = {38},
year = {1990}
}
@article{Dubash1994,
author = {Dubash, N.B. and Pance, Gordana and Wengler, M.J.},
doi = {10.1109/22.285086},
issn = {00189480},
journal = {IEEE Transactions on Microwave Theory and Techniques},
month = apr,
number = {4},
pages = {715--725},
title = {{Photon induced noise in the SIS detector}},
durl = {http://ieeexplore.ieee.org/document/285086/},
volume = {42},
year = {1994}
}
@article{Warren2010,
author = {{B. Warren, \emph{et al.}}},
doi = {10.1088/0004-637X/714/1/571},
issn = {0004-637X},
journal = {The Astrophysical Journal},
keywords = {ISM: molecules,galaxies: ISM,galaxies: clusters: individual: Virgo,galaxies: individual: NGC 4254 NGC 4321 NGC 4569 N,galaxies: spiral,stars: formation},
month = may,
number = {1},
pages = {571--588},
title = {{THE JAMES CLERK MAXWELL TELESCOPE NEARBY GALAXIES LEGACY SURVEY. II. WARM MOLECULAR GAS AND STAR FORMATION IN THREE FIELD SPIRAL GALAXIES}},
durl = {http://adsabs.harvard.edu/abs/2009ApJ...693.1736W http://stacks.iop.org/0004-637X/714/i=1/a=571?key=crossref.24b2c604b1ac81a1d0e7538dc51a986a},
volume = {714},
year = {2010}
}
@book{Bode1945,
address = {New York},
author = {Bode, H.W.},
publisher = {Van Nostrand},
title = {{Network Analysis and Feedback Amplifier Design}},
year = {1945}
}
@phdthesis{Kennedy1999,
author = {Kennedy, P.R.},
school = {University of Cambridge},
title = {{Superconducting Devices for Millimeter Wavelength Astronomy}},
type = {DPhil thesis},
year = {1999}
}
@phdthesis{Kennedy1991,
author = {Kennedy, P.R.},
school = {University of Cambridge},
title = {{Superconducting Devices for Millimetre Wavelength Astronomy}},
year = {1991}
}
@article{Rickard1975,
author = {{L. Rickard, \emph{et al.}}},
doi = {10.1086/181852},
issn = {0004-637X},
journal = {The Astrophysical Journal},
month = jul,
pages = {L75},
title = {{Detection of extragalactic carbon monoxide at millimeter wavelengths}},
durl = {http://adsabs.harvard.edu/doi/10.1086/181852},
volume = {199},
year = {1975}
}
@article{Rashid2016a,
author = {{H. Rashid, \emph{et al.}}},
doi = {10.1109/TTHZ.2016.2583201},
issn = {2156-342X},
journal = {IEEE Transactions on Terahertz Science and Technology},
pages = {1--13},
title = {{Frequency Multiplier Based on Distributed Superconducting Tunnel Junctions: Theory, Design, and Characterization}},
durl = {http://ieeexplore.ieee.org/lpdocs/epic03/wrapper.htm?arnumber=7511700 http://ieeexplore.ieee.org/document/7511700/},
year = {2016}
}
@article{Asayama2014,
author = {{S. Asayama, \emph{et al.}}},
doi = {10.1093/pasj/psu026},
issn = {0004-6264},
journal = {Publications of the Astronomical Society of Japan},
month = jun,
number = {3},
pages = {57--57},
title = {{Development of ALMA Band 4 (125-163 GHz) receiver}},
durl = {https://academic.oup.com/pasj/article-lookup/doi/10.1093/pasj/psu026},
volume = {66},
year = {2014}
}
@article{Callen1951,
author = {Callen, Herbert B. and Welton, Theodore A.},
doi = {10.1103/PhysRev.83.34},
issn = {0031-899X},
journal = {Physical Review},
month = jul,
number = {1},
pages = {34--40},
title = {{Irreversibility and Generalized Noise}},
durl = {https://link.aps.org/doi/10.1103/PhysRev.83.34},
volume = {83},
year = {1951}
}
@inproceedings{Claude,
address = {Williamsburg},
author = {{S. Claude, \emph{et al.}}},
booktitle = {2005 Joint 30th International Conference on Infrared and Millimeter Waves and 13th International Conference on Terahertz Electronics},
doi = {10.1109/ICIMW.2005.1572585},
isbn = {0-7803-9348-1},
title = {{The Band 3 receiver (84-116 GHz) for ALMA}},
durl = {http://ieeexplore.ieee.org/document/1572585/},
year = {2005}
}
@article{Pippard1947,
author = {Pippard, A. B.},
doi = {10.1098/rspa.1947.0123},
isbn = {1364-5021},
issn = {1364-5021},
journal = {Proceedings of the Royal Society A: Mathematical, Physical and Engineering Sciences},
number = {1026},
pages = {399},
title = {{The surface impedance of superconductors and normal metals at high frequencies III. the relation between impedance and superconducting penetration depth}},
volume = {191},
year = {1947}
}
@article{Song2014,
author = {{K. Song, \emph{et al.}}},
doi = {10.1109/TIE.2013.2279380},
isbn = {0278-0046},
issn = {02780046},
journal = {IEEE Transactions on Industrial Electronics},
keywords = {Compact,Isolation,Out-of-phase power divider,Slotline,Wideband},
number = {7},
pages = {3598--3606},
title = {{Wideband four-way out-of-phase slotline power dividers}},
volume = {61},
year = {2014}
}
@misc{,
pages = {28--39},
title = {{Superconducting Microwave Technology}},
year = {1999}
}
@article{Gao1999,
author = {Gao, Yu and Solomon, Philip M},
doi = {10.1086/311878},
issn = {0004637X},
journal = {The Astrophysical Journal},
month = feb,
number = {2},
pages = {L99--L103},
title = {{Molecular Gas Depletion and Starbursts in Luminous Infrared Galaxy Mergers}},
durl = {http://stacks.iop.org/1538-4357/512/i=2/a=L99},
volume = {512},
year = {1999}
}
@techreport{Koller2001,
author = {{D. Koller, \emph{et al.}}},
institution = {ALMA},
number = {377},
title = {{Design and Fabrication of Quartz Vacuum Windows with Matching Layers for Millimeter-Wave Receivers}},
year = {2001}
}
@article{,
pages = {578--595},
title = {{Advaned Measurement Techniques}}
}
@article{Maestrini2010,
author = {{A. Maestrini, \emph{et al.}}},
doi = {10.1016/j.crhy.2010.05.002},
issn = {16310705},
journal = {Comptes Rendus Physique},
month = aug,
number = {7-8},
pages = {480--495},
title = {{Schottky diode-based terahertz frequency multipliers and mixers}},
durl = {http://linkinghub.elsevier.com/retrieve/pii/S1631070510000447},
volume = {11},
year = {2010}
}
@article{Han2012,
author = {{C. Han, \emph{et al.}}},
pages = {427--429},
title = {{A 220 GHz Low Noise Superconducting Receiver with Wide Instantaneous Operating Bandwidth}},
year = {2012}
}
@inproceedings{Zhou2012,
address = {Tokyo, Japan},
author = {{Y. Zhou, \emph{et al.}}},
booktitle = {Proceedings of the Twenty-Third International Symposium on Space Terahertz Technology (ISSTT)},
pages = {111--116},
title = {{Performance of a 230 GHz Finline SIS Mixer With a Wide IF Bandwidth}},
year = {2012}
}
@inproceedings{Minamidani2016,
address = {Edinburgh},
author = {{T. Minamidani, \emph{et al.}}},
booktitle = {Proc. SPIE 9914, Millimeter, Submillimeter, and Far-Infrared Detectors and Instrumentation for Astronomy VIII},
doi = {10.1117/12.2232137},
month = jul,
title = {{Development of the new multi-beam 100 GHz band SIS receiver FOREST for the Nobeyama 45-m Telescope}},
durl = {http://proceedings.spiedigitallibrary.org/proceeding.aspx?doi=10.1117/12.2232137},
year = {2016}
}
@article{Murphy2011b,
archivePrefix = {arXiv},
arxivId = {1102.3920},
author = {{E. Murphy, \emph{et al.}}},
doi = {10.1088/0004-637X/732/2/126},
eprint = {1102.3920},
issn = {15384357},
journal = {Astrophysical Journal},
keywords = {galaxies: evolution,infrared: galaxies,radio continuum: galaxies,ultraviolet: galaxies},
number = {2},
title = {{An accounting of the dust-obscured star formation and accretion histories over the last 11 billion years}},
volume = {732},
year = {2011}
}
@article{Solomon1969,
author = {Solomon, P. M. and Wickramasinghe, N. C.},
doi = {10.1086/150209},
issn = {0004-637X},
journal = {The Astrophysical Journal},
month = nov,
number = {November},
pages = {449},
title = {{Molecular and Solid Hydrogen in Dense Interstellar Clouds}},
durl = {http://adsabs.harvard.edu/doi/10.1086/150209},
volume = {158},
year = {1969}
}
@misc{,
title = {{SIS Mixers (Lecture Slides)}}
}
@incollection{Wilson,
address = {Dordrecht},
archivePrefix = {arXiv},
arxivId = {1111.1183},
author = {Wilson, T L},
booktitle = {Planets, Stars and Stellar Systems},
doi = {10.1007/978-94-007-5618-2_6},
eprint = {1111.1183},
keywords = {aperture synthesis,bolometers,coherent receivers,heterodyne receivers,high angluar resolution,imaging,incoherent,polarimeters,radio astronomy,receivers,spectrometers},
month = nov,
number = {2001},
pages = {283--323},
publisher = {Springer Netherlands},
title = {{Techniques of Radio Astronomy}},
durl = {http://arxiv.org/abs/1111.1183 http://link.springer.com/10.1007/978-94-007-5618-2{\_}6},
year = {2013}
}
@article{Josephson1962,
author = {Josephson, B.D.},
doi = {10.1016/0031-9163(62)91369-0},
isbn = {0031-9163},
issn = {00319163},
journal = {Physics Letters},
month = jul,
number = {7},
pages = {251--253},
title = {{Possible new effects in superconductive tunnelling}},
durl = {http://linkinghub.elsevier.com/retrieve/pii/0031916362913690},
volume = {1},
year = {1962}
}
@phdthesis{Leech2002,
author = {Leech, Jamie},
number = {August},
school = {Cambridge},
title = {{A New 350 GHz Heterodyne Array Receiver (HARP) and Observations of Luminous Infrared Galaxies}},
year = {2002}
}
@article{Armus2007,
author = {{L. Armus, \emph{et al.}}},
doi = {10.1086/510107},
issn = {0004-637X},
journal = {The Astrophysical Journal},
month = feb,
number = {1},
pages = {148--167},
title = {{Observations of Ultraluminous Infrared Galaxies with the Infrared Spectrograph on the Spitzer Space Telescope . II. The IRAS Bright Galaxy Sample}},
durl = {http://stacks.iop.org/0004-637X/656/i=1/a=148},
volume = {656},
year = {2007}
}
@article{Ivison2011,
author = {{R. Ivison, \emph{et al.}}},
doi = {10.1111/j.1365-2966.2010.18028.x},
issn = {00358711},
journal = {Monthly Notices of the Royal Astronomical Society},
month = apr,
number = {3},
pages = {1913--1925},
title = {{Tracing the molecular gas in distant submillimetre galaxies via CO(1-0) imaging with the Expanded Very Large Array}},
durl = {https://academic.oup.com/mnras/article-lookup/doi/10.1111/j.1365-2966.2010.18028.x},
volume = {412},
year = {2011}
}
@article{Day2003,
annote = {First kinetic inductance detector},
author = {{P. Day, \emph{et al.}}},
doi = {10.1038/nature02037},
isbn = {0028-0836},
issn = {0028-0836},
journal = {Nature},
number = {6960},
pages = {817--821},
pmid = {14574407},
title = {{A broadband superconducting detector suitable for use in large arrays.}},
volume = {425},
year = {2003}
}
@article{Schleeh2013,
author = {{J. Schleeh, \emph{et al.}}},
doi = {10.1109/TMTT.2012.2235856},
issn = {0018-9480},
journal = {IEEE Transactions on Microwave Theory and Techniques},
month = feb,
number = {2},
pages = {871--877},
title = {{Cryogenic Broadband Ultra-Low-Noise MMIC LNAs for Radio Astronomy Applications}},
durl = {http://ieeexplore.ieee.org/document/6403592/},
volume = {61},
year = {2013}
}
@article{Brogan2015,
archivePrefix = {arXiv},
arxivId = {1503.0264},
author = {{ALMA Partnership, \emph{et al.}}},
doi = {10.1088/2041-8205/808/1/L3},
eprint = {1503.0264},
isbn = {doi:10.1088/2041-8205/808/1/L3},
issn = {2041-8213},
journal = {The Astrophysical Journal},
keywords = {LkH$\alpha$358),Protoplanetary disks,Stars: formation,Stars: individual (HL Tau,Submillimeter: planetary systems,Techniques: interferometric,XZ Tau},
month = jul,
number = {L3},
pages = {10},
publisher = {IOP Publishing},
title = {{The 2014 ALMA Long Baseline Campaign: First Results from High Angular Resolution Observations Toward the HL Tau Region}},
durl = {http://dx.doi.org/10.1088/2041-8205/808/1/L3 http://stacks.iop.org/2041-8205/808/i=1/a=L3?key=crossref.0cdb0b64a903e132363c375ddb3d53d2},
volume = {808},
year = {2015}
}
@article{Muraoka2013,
author = {{K. Muraoka, \emph{et al.}}},
journal = {AKARI, a Light to Illuminate the Misty Universe},
pages = {417},
title = {{Test Observations of a New 100 GHz Wave-Band FOur-beam REceiver System on the Nobeyama 45-m Telescope (FOREST)}},
durl = {http://adsabs.harvard.edu/abs/2013ASPC..476..417M},
volume = {476},
year = {2013}
}
@article{Benford2003,
author = {Benford, Dominic J and Gaidis, Michael C and Kooi, Jacob W},
doi = {10.1364/AO.42.005118},
isbn = {0003-6935 (Print)$\backslash$n0003-6935 (Linking)},
issn = {0003-6935},
journal = {Applied Optics},
month = sep,
number = {25},
pages = {5118--2122},
pmid = {12962390},
title = {{Optical properties of Zitex in the infrared to submillimeter}},
durl = {https://www.osapublishing.org/abstract.cfm?URI=ao-42-25-5118},
volume = {42},
year = {2003}
}
@techreport{Balshaw,
author = {Balshaw, N H},
institution = {Oxford Instruments},
title = {{Practical Cryogenics: Creating low temperature environments}}
}
@article{Tucker1985,
author = {Tucker, John R and Feldman, Marc J.},
doi = {10.1103/RevModPhys.57.1055},
isbn = {0034-6861},
issn = {0034-6861},
journal = {Reviews of Modern Physics},
month = oct,
number = {4},
pages = {1055--1113},
title = {{Quantum detection at millimeter wavelengths}},
durl = {https://link.aps.org/doi/10.1103/RevModPhys.57.1055},
volume = {57},
year = {1985}
}
@inproceedings{Garrett2017,
address = {Cologne, Germany},
author = {{J. Garrett, \emph{et al.}}},
booktitle = {Proceedings of the Twenty-Seventh International Symposium on Space Terahertz Technology (ISSTT)},
month = apr,
title = {{A 230 GHz finline SIS receiver with wide if bandwidth}},
year = {2017}
}
@article{Blundell1992,
author = {Blundell, R and Miller, R E and Gundlach, K. H.},
doi = {10.1007/BF01011203},
issn = {0195-9271},
journal = {International Journal of Infrared and Millimeter Waves},
month = jan,
number = {1},
pages = {3--14},
title = {{Understanding noise in SIS receivers}},
durl = {http://link.springer.com/10.1007/BF01011203},
volume = {13},
year = {1992}
}
@article{Golubov1995,
author = {{A. Golubov, \emph{et al.}}},
doi = {10.1103/PhysRevB.51.1073},
issn = {0163-1829},
journal = {Physical Review B},
month = jan,
number = {2},
pages = {1073--1089},
pmid = {9978259},
title = {{Proximity effect in superconductor-insulator-superconductor Josephson tunnel junctions: Theory and experiment}},
durl = {https://link.aps.org/doi/10.1103/PhysRevB.51.1073},
volume = {51},
year = {1995}
}
@misc{,
pages = {141--147},
title = {{Microwave isolators}},
year = {1999}
}
@article{Withington1991,
author = {Withington, S. and Kennedy, P},
doi = {10.1049/ip-g-2.1991.0014},
issn = {09563768},
journal = {IEE Proceedings G Circuits, Devices and Systems},
month = feb,
number = {1},
pages = {70},
title = {{Numerical procedure for simulating the large-signal quantum behaviour of superconducting tunnel-junction circuits}},
durl = {http://digital-library.theiet.org/content/journals/10.1049/ip-g-2.1991.0014},
volume = {138},
year = {1991}
}
@book{Tinkham1996,
address = {New York},
author = {Tinkham, Michael},
edition = {2},
isbn = {9780486134727},
publisher = {McGraw-Hill Book Co.},
title = {{Introduction to Superconductivity}},
year = {1996}
}
@article{McMillan1968,
annote = {Explains knee in I-V curve
Proximity effect},
author = {McMillan, W. L.},
doi = {10.1103/PhysRev.175.537},
issn = {0031-899X},
journal = {Physical Review},
month = nov,
number = {2},
pages = {537--542},
title = {{Tunneling Model of the Superconducting Proximity Effect}},
durl = {https://link.aps.org/doi/10.1103/PhysRev.175.537},
volume = {175},
year = {1968}
}
@article{Tong2009,
author = {Tong, C.-y.E. and Hedden, Abigail and Blundell, Raymond},
doi = {10.1109/TASC.2009.2019102},
issn = {1051-8223},
journal = {IEEE Transactions on Applied Superconductivity},
keywords = {Gain measurements,Submillimeter wave measurements,Superconductor-insulator- superconductor mixers},
month = jun,
number = {3},
pages = {309--312},
title = {{Gain Expansion and Compression of SIS Mixers}},
durl = {http://ieeexplore.ieee.org/document/5067198/},
volume = {19},
year = {2009}
}
@article{Wilson1974,
author = {{W. Wilson, \emph{et al.}}},
doi = {10.1086/152974},
issn = {0004-637X},
journal = {The Astrophysical Journal},
month = jul,
pages = {357},
title = {{Observations of Galactic Carbon Monoxide Emission at 2.6 Millimeters}},
durl = {http://adsabs.harvard.edu/doi/10.1086/152974},
volume = {191},
year = {1974}
}
@phdthesis{Zhou2013,
author = {Zhou, Yangjun},
school = {University of Oxford},
title = {{A millimeter unilateral finline SIS mixer with a wide IF bandwidth}},
year = {2013}
}
@article{Frickey1994,
author = {Frickey, D.A.},
doi = {10.1109/22.275248},
isbn = {0018-9480},
issn = {00189480},
journal = {IEEE Transactions on Microwave Theory and Techniques},
number = {2},
pages = {205--211},
title = {{Conversions between S, Z, Y, H, ABCD, and T parameters which are valid for complex source and load impedances}},
durl = {http://ieeexplore.ieee.org/search/srchabstract.jsp?tp={\&}arnumber=275248{\&}queryText=((Authors:Frickey)){\&}openedRefinements=*{\&}sortType=desc{\_}Publication+Year{\&}ranges=1994{\_}1994{\_}Publication{\_}Year{\&}matchBoolean=true{\&}rowsPerPage=50{\&}searchField=Search+All{\%}5Cnhttp://ads},
volume = {42},
year = {1994}
}
@article{Saintonge2016,
archivePrefix = {arXiv},
arxivId = {arXiv:1607.05289v1},
author = {{A. Saintonge, \emph{et al.}}},
doi = {10.1093/mnras/stw1715},
eprint = {arXiv:1607.05289v1},
issn = {0035-8711},
journal = {Monthly Notices of the Royal Astronomical Society},
keywords = {Galaxies: ISM- galaxies: star formation,Galaxies: evolution,ISM: general},
month = oct,
number = {2},
pages = {1749--1756},
title = {{Molecular and atomic gas along and across the main sequence of star-forming galaxies}},
durl = {https://academic.oup.com/mnras/article-lookup/doi/10.1093/mnras/stw1715},
volume = {462},
year = {2016}
}
@article{Padin1996,
author = {{S. Padin, \emph{et al.}}},
doi = {10.1109/22.506643},
issn = {00189480},
journal = {IEEE Transactions on Microwave Theory and Techniques},
month = jun,
number = {6},
pages = {987--990},
title = {{An integrated SIS mixer and HEMT IF amplifier}},
durl = {http://ieeexplore.ieee.org/document/506643/},
volume = {44},
year = {1996}
}
@article{Rigopoulou2013,
author = {{D. Rigopoulou, \emph{et al.}}},
journal = {The Messenger},
month = sep,
pages = {35--37},
title = {{Science with ALMA Band 11 (1.0-1.6 THz)}},
volume = {153},
year = {2013}
}
@techreport{,
pages = {1--8},
title = {{ALMA Wide Field Spectroscopic Mapping with Focal Planes Arrays}},
year = {2013}
}
@article{Waters2006,
author = {{J. Waters, \emph{et al.}}},
doi = {10.1109/TGRS.2006.873771},
isbn = {0196-2892},
issn = {0196-2892},
journal = {IEEE Transactions on Geoscience and Remote Sensing},
keywords = {Microwave,Remote sensing,Stratosphere,Submillimeter wave},
month = may,
number = {5},
pages = {1075--1092},
title = {{The Earth observing system microwave limb sounder (EOS MLS) on the aura Satellite}},
durl = {http://ieeexplore.ieee.org/lpdocs/epic03/wrapper.htm?arnumber=1624589},
volume = {44},
year = {2006}
}
@book{James2011,
author = {James, J.F.},
booktitle = {Design},
doi = {10.1017/CBO9780511762307},
isbn = {9780521176835},
pages = {162},
title = {{A Student's Guide to Fourier Transforms}},
year = {2011}
}
@article{Ade2015,
archivePrefix = {arXiv},
arxivId = {1502.00596},
author = {{P. Ade, \emph{et al.}}},
doi = {10.1088/0004-637X/806/2/206},
eprint = {1502.00596},
issn = {1538-4357},
journal = {The Astrophysical Journal},
keywords = {cosmic background radiation,cosmology,gravitational waves,in fl ation,observations},
month = jun,
number = {2},
pages = {206},
title = {{Bicep2/ Keck Array . IV. Optical Characterization and Performance of the Bicep2 and Keck Array Experiments}},
durl = {http://arxiv.org/abs/1502.00596{\%}5Cnhttp://dx.doi.org/10.1088/0004-637X/806/2/206{\%}5Cnhttp://stacks.iop.org/0004-637X/806/i=2/a=206?key=crossref.89779d71f7d7bee4221e5ca9b2a73807 http://stacks.iop.org/0004-637X/806/i=2/a=206?key=crossref.89779d71f7d7bee4221e},
volume = {806},
year = {2015}
}
@phdthesis{Zhao2011,
author = {Zhao, Chuan},
keywords = {doublers,schottky diodes,thz sources,varactors},
school = {Chalmers University of Technology},
title = {{Modelling and Characterisation of a Broadband 85 / 170 GHz Schottky Varactor Frequency Doubler}},
durl = {http://publications.lib.chalmers.se/records/fulltext/137582.pdf},
year = {2011}
}
@article{Blitz2007,
author = {{L. Blitz, \emph{et al.}}},
journal = {Protostars and Planets V},
pages = {81},
title = {{Giant Molecular Clouds in Local Group Galaxies}},
year = {2007}
}
@article{Withington2003,
author = {Withington, S. and Kittara, P. and Yassin, G.},
doi = {10.1063/1.1576515},
issn = {0021-8979},
journal = {Journal of Applied Physics},
month = jun,
number = {12},
pages = {9812--9822},
title = {{Multitone quantum simulations of saturating tunnel junction mixers}},
durl = {http://aip.scitation.org/doi/10.1063/1.1576515},
volume = {93},
year = {2003}
}
@article{Roche2006,
archivePrefix = {arXiv},
arxivId = {astro-ph/0601361},
author = {{P. Roche, \emph{et al.}}},
doi = {10.1111/j.1365-2966.2006.10072.x},
eprint = {0601361},
issn = {0035-8711},
journal = {Monthly Notices of the Royal Astronomical Society},
keywords = {Galaxies: ISM,Galaxies: individual: Circinus,Galaxies: nuclei,Infrared: galaxies},
month = apr,
number = {4},
pages = {1689--1698},
primaryClass = {astro-ph},
title = {{Mid-infrared, spatially resolved spectroscopy of the nucleus of the Circinus galaxy}},
durl = {https://academic.oup.com/mnras/article-lookup/doi/10.1111/j.1365-2966.2006.10072.x},
volume = {367},
year = {2006}
}
@article{Groppi2010,
author = {{C. Groppi, \emph{et al.}}},
doi = {10.1117/12.857504},
isbn = {9781617823626},
issn = {0277786X},
journal = {Isstt2010},
keywords = {array receiver,heterodyne,submillimeter},
pages = {77410X--77410X--12},
title = {{Test and integration results from SuperCam: a 64-pixel array receiver for the 350 GHz atmospheric window}},
durl = {http://link.aip.org/link/PSISDG/v7741/i1/p77410X/s1{\&}Agg=doi},
volume = {7741},
year = {2010}
}
@article{Shan2018,
author = {{W. Shan, \emph{et al.}}},
doi = {10.1109/TTHZ.2018.2842750},
number = {X},
pages = {2017--2019},
title = {{A New Concept for Quasi-Planar Integration of Superconductor-Insulator-Superconductor Array Receiver Frontends}},
volume = {XX},
year = {2018}
}
@article{,
pages = {92--149},
title = {{VNA Measurement Systems}}
}
@article{Rosu2013,
author = {Rosu, Iulian},
keywords = {a s well known,and total phase shift,from oscillator theory,iulian rosu,must,must be greater than,net,qsl,se noise in oscillators,system oscillate,the open loop gain,to make a feedback,two conditions are required,unity,va3iul,va3iul http,www,yo3dac},
pages = {1--16},
title = {{Phase Noise in Oscillators}},
year = {2013}
}
@article{Caltech2001,
title = {{ALMA Memo 362 ALMA Receiver Optics Design}},
year = {2001}
}
@misc{ANSYS2014,
author = {ANSYS},
title = {{High Frequency Structural Simulator (HFSS)}},
durl = {http://www.ansys.com/products/electronics/ansys-hfss},
year = {2014}
}
@misc{,
pages = {1--24},
title = {{Frequency converters and mixers}},
year = {1999}
}
@article{Serres2014,
author = {{P. Serres, \emph{et al.}}},
doi = {10.1109/TTHZ.2014.2368786},
issn = {2156-342X},
journal = {IEEE Transactions on Terahertz Science and Technology},
keywords = {Amplitude modulation,DSB mixer,Double side band (DSB) and single side band (SSB),IF characterization,IF circuitry,IF output impedance,Impedance,Junctions,LNA,Mixers,Noise,Radio frequency,Receivers,SOLT standard,SSB mixer,Tucker SIS mixer theory,VNA,calibration,calibration procedure,cryogenic electronics,cryogenically cooled superconductor-insulator-supe,cryostat,cryostats,double sideband mixer,electromagnetic modeling,frequency 4 GHz,high dynamic range,intermediate frequency (IF) impedance,intermediate frequency impedance,low noise amplifier,low noise amplifiers,millimeter wave SIS mixer,network analysers,on-chip SIS mixer intrinsic capacitance,one-port measurement setup,short open load thru standard,single sideband mixer,submillimeter wave SIS mixer,superconductor-insulator-superconductor mixers,superconductor-insulator-superconductor (SIS) mixe,unpumped IV curve,vector network analyzer,vector network analyzer (VNA) measurements},
number = {1},
pages = {1--10},
title = {{The IF Output Impedance of SIS Mixers}},
durl = {http://ieeexplore.ieee.org/lpdocs/epic03/wrapper.htm?arnumber=6971243},
volume = {5},
year = {2014}
}
@article{Bourqui2010,
author = {Bourqui, Jeremie and Okoniewski, Michal and Fear, Elise C.},
doi = {10.1109/TAP.2010.2048844},
isbn = {0018-926X},
issn = {0018926X},
journal = {IEEE Transactions on Antennas and Propagation},
keywords = {Antenna,microwave breast imaging,radar,ultrawideband (UWB)},
number = {7},
pages = {2318--2326},
title = {{Balanced antipodal vivaldi antenna with dielectric director for near-field microwave imaging}},
volume = {58},
year = {2010}
}
@article{Noguchi2009,
author = {{T. Noguchi, \emph{et al.}}},
doi = {10.1016/j.physc.2009.05.218},
isbn = {0921-4534},
issn = {09214534},
journal = {Physica C: Superconductivity},
keywords = {Niobium,Photon detectors,Superconducting tunnel junctions,Thin films},
month = oct,
number = {15-20},
pages = {1585--1588},
publisher = {Elsevier B.V.},
title = {{Contribution of the imaginary part of the superconducting gap energy on the SIS tunneling current}},
durl = {http://dx.doi.org/10.1016/j.physc.2009.05.218 http://linkinghub.elsevier.com/retrieve/pii/S0921453409003530},
volume = {469},
year = {2009}
}
@article{Madau2014,
archivePrefix = {arXiv},
arxivId = {1403.0007},
author = {Madau, Piero and Dickinson, Mark},
doi = {10.1146/annurev-astro-081811-125615},
eprint = {1403.0007},
issn = {0066-4146},
journal = {Annual Review of Astronomy and Astrophysics},
keywords = {cosmology,evolution,galaxy formation,star formation,stellar populations},
month = aug,
number = {1},
pages = {415--486},
title = {{Cosmic Star-Formation History}},
durl = {http://arxiv.org/abs/1403.0007{\%}0Ahttp://dx.doi.org/10.1146/annurev-astro-081811-125615 http://www.annualreviews.org/doi/10.1146/annurev-astro-081811-125615},
volume = {52},
year = {2014}
}
@incollection{Graham2013,
address = {Dordrecht},
archivePrefix = {arXiv},
arxivId = {1108.0997},
author = {Phillips, Thomas G. and Padin, Stephen and Zmuidzinas, Jonas},
booktitle = {Planets, Stars and Stellar Systems},
doi = {10.1007/978-94-007-5621-2_7},
editor = {Oswalt, Terry D. and Keel, William C.},
eprint = {1108.0997},
isbn = {978-94-007-5608-3},
keywords = {Physics},
pages = {283--313},
publisher = {Springer Netherlands},
title = {{Submillimeter Telescopes}},
durl = {http://adsabs.harvard.edu/abs/2013pss6.book...91G http://link.springer.com/10.1007/978-94-007-5609-0 http://link.springer.com/10.1007/978-94-007-5621-2{\_}7},
year = {2013}
}
@article{Maki1965,
author = {Maki, Kazumi and Fulde, Peter},
doi = {10.1103/PhysRev.140.A1586},
issn = {0031899X},
journal = {Physical Review},
number = {5A},
title = {{Equivalence of different pair-breaking mechanisms in superconductors}},
volume = {140},
year = {1965}
}
@article{Gordon1976,
author = {Gordon, M A and Burton, W B},
doi = {10.1086/154613},
issn = {0004-637X},
journal = {The Astrophysical Journal},
month = sep,
pages = {346},
title = {{Carbon monoxide in the Galaxy. I - The radial distribution of CO, H2, and nucleons}},
durl = {http://adsabs.harvard.edu/doi/10.1086/154613},
volume = {208},
year = {1976}
}
@article{Tong1995,
author = {{C. Tong, \emph{et al.}}},
doi = {10.1063/1.114405},
issn = {0003-6951},
journal = {Applied Physics Letters},
month = aug,
number = {9},
pages = {1304--1306},
title = {{Quantum limited heterodyne detection in superconducting non-linear transmission lines at sub-millimeter wavelengths}},
durl = {http://aip.scitation.org/doi/10.1063/1.114405},
volume = {67},
year = {1995}
}
@misc{,
pages = {503--517},
title = {{Waveguides}},
year = {1999}
}
@article{Draine2007,
author = {Draine, B T and Li, Aigen},
doi = {10.1086/511055},
issn = {0004-637X},
journal = {The Astrophysical Journal},
month = mar,
number = {2},
pages = {810--837},
title = {{Infrared Emission from Interstellar Dust. IV. The Silicate-Graphite-PAH Model in the Post- Spitzer Era}},
durl = {http://stacks.iop.org/0004-637X/657/i=2/a=810},
volume = {657},
year = {2007}
}
@techreport{Alliance1999,
institution = {ANSI/EIA},
keywords = {Systems Engineering},
mendeley-tags = {Systems Engineering},
title = {{EIA STANDARD: Processes for Engineering a System}},
year = {1999}
}
@article{Aravena2010,
author = {{M. Aravena, \emph{et al.}}},
doi = {10.1088/0004-637X/718/1/177},
issn = {0004-637X},
journal = {The Astrophysical Journal},
month = jul,
number = {1},
pages = {177--183},
title = {{Cold Molecular Gas in Massive, Star-Forming Disk Galaxies at z=1.5}},
durl = {http://stacks.iop.org/0004-637X/718/i=1/a=177?key=crossref.6e0da819918a319e064af638267d089e},
volume = {718},
year = {2010}
}
@article{Callen1951a,
author = {Callen, Herbert B. and Welton, Theodore A.},
doi = {10.1103/PhysRev.83.34},
issn = {0031-899X},
journal = {Physical Review},
month = jul,
number = {1},
pages = {34--40},
title = {{Irreversibility and Generalized Noise}},
durl = {https://link.aps.org/doi/10.1103/PhysRev.83.34},
volume = {83},
year = {1951}
}
@article{Lehnert2015,
author = {Lehnert, K W},
doi = {10.1063/1.2773988},
number = {2007},
pages = {18--21},
title = {{Widely tunable parametric amplifier based on a superconducting quantum interference device array resonator Widely tunable parametric amplifier based on a superconducting quantum}},
volume = {083509},
year = {2015}
}
@article{Kerr1995,
author = {Kerr, A.R.},
doi = {10.1109/22.363015},
issn = {00189480},
journal = {IEEE Transactions on Microwave Theory and Techniques},
month = jan,
number = {1},
pages = {2--13},
title = {{Some fundamental and practical limits on broadband matching to capacitive devices, and the implications for SIS mixer design}},
durl = {http://ieeexplore.ieee.org/document/363015/},
volume = {43},
year = {1995}
}
@article{Leroy2008,
author = {{A. Leroy, \emph{et al.}}},
doi = {10.1088/0004-6256/136/6/2782},
issn = {0004-6256},
journal = {The Astronomical Journal},
month = dec,
number = {6},
pages = {2782--2845},
title = {{The Star Formation Efficiency in Nearby Galaxies: Measuring Where Gas Forms Stars Effectively}},
durl = {http://stacks.iop.org/1538-3881/136/i=6/a=2782?key=crossref.ab4b9d108eae5c4ae4489c8414a5bc8f},
volume = {136},
year = {2008}
}
@article{Tong2013a,
author = {{C. Tong, \emph{et al.}}},
doi = {10.1109/TASC.2012.2235517},
issn = {1051-8223},
journal = {IEEE Transactions on Applied Superconductivity},
month = jun,
number = {3},
pages = {1400404--1400404},
title = {{Design and Performance of a 3-Junction Series Distributed SIS Mixer for Wide IF Applications}},
durl = {http://ieeexplore.ieee.org/document/6389759/},
volume = {23},
year = {2013}
}
@article{Wengler1987,
author = {Wengler, M. and Woody, D.},
doi = {10.1109/JQE.1987.1073387},
issn = {0018-9197},
journal = {IEEE Journal of Quantum Electronics},
month = may,
number = {5},
pages = {613--622},
title = {{Quantum noise in heterodyne detection}},
durl = {http://ieeexplore.ieee.org/document/1073387/},
volume = {23},
year = {1987}
}
@inproceedings{,
address = {Tucson, AZ},
booktitle = {Astronomical Society of the Pacific Conference Series},
pages = {155--162},
title = {{MARS - The MRAO Array Receiver System}},
year = {1995}
}
@article{Kuno2007,
archivePrefix = {arXiv},
arxivId = {0705.2678},
author = {{N. Kuno, \emph{et al.}}},
doi = {10.1093/pasj/59.1.117},
eprint = {0705.2678},
isbn = {doi:10.1093/pasj/59.1.117},
issn = {0004-6264},
journal = {Publications of the Astronomical Society of Japan},
keywords = {Galaxies: bar,Galaxies: spiral,ISM: molecules},
month = feb,
number = {1},
pages = {117--166},
title = {{Nobeyama CO Atlas of Nearby Spiral Galaxies: Distribution of Molecular Gas in Barred and Nonbarred Spiral Galaxies}},
durl = {https://academic.oup.com/pasj/article-lookup/doi/10.1093/pasj/59.1.117},
volume = {59},
year = {2007}
}
@article{Riechers2014,
author = {{D. Riechers, \emph{et al.}}},
doi = {10.1088/0004-637X/786/1/31},
issn = {0004-637X},
journal = {The Astrophysical Journal},
month = apr,
number = {1},
pages = {31},
title = {{Polycyclic Aromatic Hydrocarbon and Mid-Infrared Continuum Emission in a z {\textgreater} 4 Submillimetre Galaxy}},
durl = {http://stacks.iop.org/0004-637X/786/i=1/a=31?key=crossref.e97313305d927c31cf11b47fa8fad8c8},
volume = {786},
year = {2014}
}
@inproceedings{Garrett2016,
address = {Nanjing, China},
author = {{J. Garrett, \emph{et al.}}},
booktitle = {Proceedings of the Twenty-Seventh International Symposium on Space Terahertz Technology (ISSTT)},
month = apr,
title = {{A 230 GHz Finline SIS Receiver with Wide IF Bandwidth}},
durl = {https://www.nrao.edu/meetings/isstt/papers/2016/2016000021.pdf},
year = {2016}
}
@article{Belitsky1991,
author = {Belitsky, V.Y. and Tarasov, M.A.},
doi = {10.1109/20.133753},
issn = {00189464},
journal = {IEEE Transactions on Magnetics},
month = mar,
number = {2},
pages = {2638--2641},
title = {{SIS junction reactance complete compensation}},
durl = {http://ieeexplore.ieee.org/lpdocs/epic03/wrapper.htm?arnumber=133753},
volume = {27},
year = {1991}
}
@inproceedings{Wilson2015,
address = {Cambridge, MA},
author = {Wilson, Robert W},
booktitle = {Proceedings of the Twenty-Sixth International Symposium on Space Terahertz Technology (ISSTT)},
title = {{The Discovery of Interstellar CO}},
year = {2015}
}
@article{Tong2005,
author = {{C. Tong, \emph{et al.}}},
doi = {10.1109/TASC.2005.849885},
issn = {1051-8223},
journal = {IEEE Transactions on Appiled Superconductivity},
keywords = {Distributed mixing,Intermediate frequency bandwidth,Submillimeter waves,Superconductor-insulator-superconductor mixers},
month = jun,
number = {2},
pages = {490--494},
title = {{A Distributed Lumped-Element SIS Mixer With Very Wide Instantaneous Bandwidth}},
durl = {http://ieeexplore.ieee.org/document/1439681/},
volume = {15},
year = {2005}
}
@techreport{Gouillart2010,
author = {Gouillart, Emmanuelle and Varoquaux, Gael},
title = {{Python Scientific lecture notes}},
year = {2010}
}
@article{Treister2012,
archivePrefix = {arXiv},
arxivId = {1209.5393},
author = {{E. Treister, \emph{et al.}}},
doi = {10.1088/2041-8205/758/2/L39},
eprint = {1209.5393},
issn = {2041-8205},
journal = {The Astrophysical Journal},
month = oct,
number = {2},
pages = {L39},
title = {{MAJOR GALAXY MERGERS ONLY TRIGGER THE MOST LUMINOUS ACTIVE GALACTIC NUCLEI}},
durl = {http://arxiv.org/abs/1209.5393{\%}0Ahttp://dx.doi.org/10.1088/2041-8205/758/2/L39 http://stacks.iop.org/2041-8205/758/i=2/a=L39?key=crossref.618d2d9b8df92a032ef6d355e56d9d86},
volume = {758},
year = {2012}
}
@article{Tucker1979,
author = {Tucker, J.},
doi = {10.1109/JQE.1979.1069931},
issn = {0018-9197},
journal = {IEEE Journal of Quantum Electronics},
month = nov,
number = {11},
pages = {1234--1258},
title = {{Quantum limited detection in tunnel junction mixers}},
durl = {http://ieeexplore.ieee.org/lpdocs/epic03/wrapper.htm?arnumber=1069931},
volume = {15},
year = {1979}
}
@inproceedings{Zailer2015,
author = {{E. Zailer, \emph{et al.}}},
booktitle = {2015 IEEE International Symposium on Antennas and Propagation {\&} USNC/URSI National Radio Science Meeting},
doi = {10.1109/APS.2015.7305078},
isbn = {978-1-4799-7815-1},
issn = {15223965},
month = jul,
pages = {1378--1379},
publisher = {IEEE},
title = {{University of Calgary participation in CCAT CHAI development}},
durl = {http://ieeexplore.ieee.org/document/7305078/},
volume = {2015-Octob},
year = {2015}
}
@article{Pettini2004,
archivePrefix = {arXiv},
arxivId = {astro-ph/0401128},
author = {Pettini, Max and Pagel, Bernard E. J.},
doi = {10.1111/j.1365-2966.2004.07591.x},
eprint = {0401128},
issn = {00358711},
journal = {Monthly Notices of the Royal Astronomical Society},
keywords = {Galaxies: abundances,H II regions,ISM: abundances},
month = mar,
number = {3},
pages = {L59--L63},
primaryClass = {astro-ph},
title = {{[O III]/[N II] as an abundance indicator at high redshift}},
durl = {https://academic.oup.com/mnras/article-lookup/doi/10.1111/j.1365-2966.2004.07591.x},
volume = {348},
year = {2004}
}
@article{Pety2005,
archivePrefix = {arXiv},
arxivId = {astro-ph/0501339},
author = {{J. Pety, \emph{et al.}}},
doi = {10.1051/0004-6361:20041170},
eprint = {0501339},
issn = {0004-6361},
journal = {Astronomy {\&} Astrophysics},
keywords = {clouds,horsehead nebula,individual object,ism,molecules,radio lines},
month = jun,
number = {3},
pages = {885--899},
primaryClass = {astro-ph},
title = {{Are PAHs precursors of small hydrocarbons in photo-dissociation regions? The Horsehead case}},
durl = {http://adsabs.harvard.edu/abs/2005A{\%}26A...435..885P{\%}5Cnhttp://adsabs.harvard.edu/cgi-bin/nph-data{\_}query?bibcode=2005A{\%}26A...435..885P{\&}link{\_}type=ARTICLE http://www.aanda.org/10.1051/0004-6361:20041170},
volume = {435},
year = {2005}
}
@article{Kerr2014,
author = {{A. Kerr, \emph{et al.}}},
doi = {10.1109/TTHZ.2014.2302537},
issn = {2156-342X},
journal = {IEEE Transactions on Terahertz Science and Technology},
keywords = {ALMA band-3 sideband-separating SIS mixers,ALMA band-6 sideband-separating SIS mixers,Amplitude modulation,Arrays,Atacama Large Millimeter/submillimeter Array (ALMA,Atacama large millimeter-submillimeter array,Impedance,Junctions,Mixers,Nb-Al-AlOx-Nb,Radio frequency,Receivers,SIS junction,SIS receiver,SSB receiver noise temperatures,aluminium,aluminium compounds,atmospheric noise suppression,dual-polarization receivers,dynamic range,frequency 211 GHz to 275 GHz,frequency 84 GHz to 116 GHz,heterodyne,image band,image rejecting mixer,image rejection,input return loss,interference suppression,interferometer,millimeter-wave,millimetre wave mixers,niobium,radio astronomy,sideband-separating mixer,sideband-separating superconducting tunnel-junctio,signal-to-image conversion,submillimetre wave mixers,superconducting microwave devices,superconductor,superconductor-insulator-superconductor mixers,temperature 30 K,temperature 60 K,tunnelling},
month = mar,
number = {2},
pages = {201--212},
title = {{Development of the ALMA Band-3 and Band-6 Sideband-Separating SIS Mixers}},
durl = {http://ieeexplore.ieee.org/lpdocs/epic03/wrapper.htm?arnumber=6740089},
volume = {4},
year = {2014}
}
@incollection{Ford2004a,
author = {Ford, P.J. and Saunders, G.A.},
booktitle = {The Rise of the Superconductors},
chapter = {6},
publisher = {CRC Press},
title = {{What Causes Superconductivity?}},
year = {2004}
}
@misc{,
booktitle = {Society},
number = {c},
pages = {88--91},
title = {{Slotline components}},
year = {2003}
}
@article{Aitken1985,
author = {Aitken, D. K. and Roche, P. F.},
doi = {10.1093/mnras/213.4.777},
issn = {0035-8711},
journal = {Monthly Notices of the Royal Astronomical Society},
month = apr,
number = {4},
pages = {777--788},
title = {{8-13 m spectrophotometry of galaxies - IV. Six more Seyferts and 3C 345}},
durl = {https://academic.oup.com/mnras/article-lookup/doi/10.1093/mnras/213.4.777},
volume = {213},
year = {1985}
}
@techreport{Kerr2011,
address = {Green Bank, West Virginia},
author = {Kerr, A R},
booktitle = {Electronics Division Internal Report},
doi = {10.1172/JCI200318233.2},
institution = {National Radio Astronomy Observatory},
isbn = {1581136463},
number = {302},
pages = {1--17},
title = {{Surface Impedance of Superconductors and Normal Conductors in EM Simulators}},
year = {1996}
}
@article{Croskey1992,
author = {{C. Croskey, \emph{et al.}}},
doi = {10.1109/22.141340},
issn = {00189480},
journal = {IEEE Transactions on Microwave Theory and Techniques},
month = jun,
number = {6},
pages = {1090--1100},
title = {{The Millimeter Wave Atmospheric Sounder (MAS): a shuttle-based remote sensing experiment}},
durl = {http://ieeexplore.ieee.org/lpdocs/epic03/wrapper.htm?arnumber=141340},
volume = {40},
year = {1992}
}
@inproceedings{Groppi2004a,
author = {{C. Groppi, \emph{et al.}}},
booktitle = {Proc. of SPIE},
doi = {10.1117/12.552492},
editor = {Zmuidzinas, Jonas and Holland, Wayne S. and Withington, Stafford},
isbn = {5206211532},
issn = {0277786X},
keywords = {sis heterodyne array receiver,submillimeter molecular spectroscopy},
month = oct,
pages = {290},
title = {{First results from DesertSTAR: a 7-pixel 345-GHz heterodyne array receiver for the Heinrich Hertz Telescope}},
durl = {http://proceedings.spiedigitallibrary.org/proceeding.aspx?doi=10.1117/12.552492},
volume = {4855},
year = {2004}
}
@article{Smith2007,
author = {{J. Smith, \emph{et al.}}},
doi = {10.1086/510549},
issn = {0004-637X},
journal = {The Astrophysical Journal},
month = feb,
number = {2},
pages = {770--791},
title = {{The Mid-Infrared Spectrum of Star-forming Galaxies: Global Properties of Polycyclic Aromatic Hydrocarbon Emission}},
durl = {http://stacks.iop.org/0004-637X/656/i=2/a=770},
volume = {656},
year = {2007}
}
@misc{Wikipedia2001,
author = {Wikipedia},
number = {2},
pages = {183--290},
title = {{Diffraction}},
volume = {5},
year = {2001}
}
@article{Kaneda1999,
author = {Kaneda, Noriaki and Qian, Y. and Itoh, T.},
doi = {10.1109/22.809007},
isbn = {0-7803-5135-5},
issn = {00189480},
journal = {IEEE Transactions on Microwave Theory and Techniques},
keywords = {Mmic's,Waveguide transitions,Yagi antennas},
number = {12},
pages = {2562--2567},
title = {{A broad-band microstrip-to-waveguide transition using quasi-Yagi antenna}},
durl = {http://ieeexplore.ieee.org/lpdocs/epic03/wrapper.htm?arnumber=809007},
volume = {47},
year = {1999}
}
@article{Noguchi2011,
author = {Noguchi, T. and Suzuki, T. and Tamura, T.},
doi = {10.1109/TASC.2010.2089033},
issn = {1051-8223},
journal = {IEEE Transactions on Applied Superconductivity},
keywords = {Niobium,Superconducting films,Superconductorinsulator-superconductor devices,Tunneling},
month = jun,
number = {3},
pages = {756--759},
title = {{Subgap Tunneling Current at Low Temperature in Nb/Al-AlN/Nb SIS Junctions}},
durl = {http://ieeexplore.ieee.org/document/5643171/},
volume = {21},
year = {2011}
}
@article{Zehnder1999,
author = {{A. Zehnder, \emph{et al.}}},
doi = {10.1103/PhysRevB.59.8875},
issn = {0163-1829},
journal = {Physical Review B},
month = apr,
number = {13},
pages = {8875--8886},
title = {{Proximity effects in Nb/Al-AlOx-Al/Nb superconducting tunneling Junctions}},
durl = {http://prb.aps.org/abstract/PRB/v59/i13/p8875{\_}1 https://link.aps.org/doi/10.1103/PhysRevB.59.8875},
volume = {59},
year = {1999}
}
@incollection{Goldsmith2009c,
author = {Goldsmith, Paul F.},
booktitle = {Quasioptical Systems},
doi = {10.1109/9780470546291.ch7},
pages = {157--185},
title = {{Gaussian Beam Coupling to Radiating Elements}},
durl = {http://ieeexplore.ieee.org/search/srchabstract.jsp?arnumber=5264489},
year = {2009}
}
@inproceedings{Tong2008,
address = {Groningen},
author = {Tong, C Edward and Hedden, Abby and Blundell, Ray},
booktitle = {Proceedings of the Ninteenth International Symposium on Space Terahertz Technology (ISSTT)},
keywords = {intersecting lines,rf noise contribution},
mendeley-tags = {intersecting lines,rf noise contribution},
pages = {314--318},
title = {{An Empirical Probe to the Operation of SIS Receivers -- Revisiting the Technique of Intersecting Lines}},
year = {2008}
}
@inproceedings{Hector2015,
address = {Cambridge, MA},
author = {{A. Hector, \emph{et al.}}},
booktitle = {Proceedings of the Twenty-Sixth International Symposium on Space Terahertz Technology (ISSTT)},
title = {{Investigating the Origin of Harmonics in a 230 GHz Local Oscillator}},
year = {2015}
}
@inproceedings{Henry2014,
author = {{M. Henry, \emph{et al.}}},
booktitle = {Proceedings of SPIE, Millimeter, Submillimeter, and Far-Infrared Detectors and Instrumentation for Astronomy VII},
doi = {10.1117/12.2056792},
editor = {Holland, Wayne S. and Zmuidzinas, Jonas},
isbn = {9780819496218},
issn = {1996756X},
keywords = {focal plane array,supra thz receivers,thz local oscillator},
month = jul,
pages = {91530O},
title = {{Local oscillator development for focal plane array and supra-THz astronomy receivers}},
durl = {http://proceedings.spiedigitallibrary.org/proceeding.aspx?doi=10.1117/12.2056792},
volume = {9153},
year = {2014}
}
@inproceedings{Ediss2004,
address = {Northampton, MA},
author = {{G. Ediss, \emph{et al.}}},
booktitle = {Proceedings of the Fifteenth International Symposium on Space Terahertz Technology (ISSTT)},
title = {{ALMA Band 6 Cartridge: Design and Performance}},
year = {2004}
}
@article{DeGraauw2010,
author = {{T. de Graauw, \emph{et al.}}},
doi = {10.1051/0004-6361/201014698},
isbn = {de Graauw, Th. and Helmich, F.P. and Phillips , T.G. and Stutzki, J. and Caux, E. and Whyborn, N.D. and Dieleman, P. and Roelfsema, P.R. and Aarts, H. and Assendorp, R. and Bachiller, R. and Baechtold, W. and Barcia, A. and Beintema, D.A. and Belitsky, V. and Benz, A.O. and Bieber, R. and Boogert, A. and Borys, C. and Bumble, B. and Cais, P. and Caris, M. and Cerulli-Irelli, P. and Chattopadhyay, G. and Cherednichenko, S. and Ciechanowicz, M. and Coeur-Joly, O. and Comito, C. and Cros, A. and de},
issn = {0004-6361},
journal = {Astronomy and Astrophysics},
keywords = {general,infrared,instrumentation,methods,observational,spectrographs,spectroscopic,submillimeter,techniques},
month = jul,
pages = {L6},
title = {{The Herschel -Heterodyne Instrument for the Far-Infrared (HIFI)}},
durl = {http://www.aanda.org/10.1051/0004-6361/201014698},
volume = {518},
year = {2010}
}
@article{Morris1974,
author = {Morris, M and Turner, B. E. and Zuckerman, B.},
doi = {10.1086/152973},
issn = {0004-637X},
journal = {The Astrophysical Journal},
month = jul,
pages = {349},
title = {{Millimeter-Wavelength Molecular Lines and Far-Infrared Sources}},
durl = {http://adsabs.harvard.edu/doi/10.1086/152973},
volume = {191},
year = {1974}
}
@article{Mahieu2012,
author = {{S. Mahieu, \emph{et al.}}},
doi = {10.1109/TTHZ.2011.2177734},
issn = {2156-342X},
journal = {IEEE Transactions on Terahertz Science and Technology},
month = jan,
number = {1},
pages = {29--39},
title = {{The ALMA Band-7 Cartridge}},
durl = {http://ieeexplore.ieee.org/document/6111333/},
volume = {2},
year = {2012}
}
@article{Pan2004,
author = {{S. Pan, \emph{et al.}}},
journal = {Analysis},
pages = {62--69},
title = {{A Fixed-Tuned SIS Mixer with Ultra-Wide-Band IF and Quantum-Limited Sensitivity for ALMA Band 3 ( 84-116 GHz ) Receivers}},
volume = {3},
year = {2004}
}
@article{Finnemore1966,
author = {Finnemore, D. K. and Stromberg, T. F. and Swenson, C. A.},
doi = {10.1103/PhysRev.149.231},
isbn = {0031-899X},
issn = {0031-899X},
journal = {Physical Review},
month = sep,
number = {1},
pages = {231--243},
title = {{Superconducting Properties of High-Purity Niobium}},
durl = {https://link.aps.org/doi/10.1103/PhysRev.149.231},
volume = {149},
year = {1966}
}
@article{Houwman1993,
author = {{E. Houwman, \emph{et al.}}},
doi = {10.1109/77.233933},
issn = {1051-8223},
journal = {IEEE Transactions on Applied Superconductivity},
month = mar,
number = {1},
pages = {2170--2173},
title = {{Proximity effect in Nb/Al, AlOxide, Al/Nb Josephson tunnel junctions}},
durl = {http://doc.utwente.nl/23724/{\%}5Cnhttp://doc.utwente.nl/23724/1/00233933.pdf http://ieeexplore.ieee.org/document/233933/},
volume = {3},
year = {1993}
}
@book{Lee1998,
address = {Cambridge},
author = {Lee, T. H.},
publisher = {Cambridge University Press},
title = {{The Design of CMOS Radio-Frequency Integrated Circuits}},
year = {1998}
}
@inproceedings{Belitsky1995,
address = {Pasadena},
author = {{V. Belitsky, \emph{et al.}}},
booktitle = {Proceedings of the Sixth International Symposium on Space Terahertz Technology (ISSTT)},
pages = {87--102},
title = {{Theoretical and Experimental Studies of Nb-Based Tuning Circuits for THz SIS Mixers}},
year = {1995}
}
@article{Risacher2003,
author = {{C. Risacher, \emph{et al.}}},
doi = {10.1109/LMWC.2003.815182},
issn = {1531-1309},
journal = {IEEE Microwave and Wireless Components Letters},
keywords = {Bias-T,Full-height waveguide,Waveguide-to-microstrip probe},
month = jul,
number = {7},
pages = {262--264},
title = {{Waveguide-to-microstrip transition with integrated bias-T}},
durl = {http://ieeexplore.ieee.org/lpdocs/epic03/wrapper.htm?arnumber=1214543},
volume = {13},
year = {2003}
}
@article{Tong2013,
author = {{C. Tong, \emph{et al.}}},
doi = {10.1109/TASC.2012.2235517},
issn = {10518223},
journal = {IEEE Transactions on Applied Superconductivity},
keywords = {Distributed mixer,IF bandwidth,SIS mixer},
number = {3},
pages = {3--6},
title = {{Design and performance of a 3-junction series distributed SIS mixer for wide if Applications}},
volume = {23},
year = {2013}
}
@inproceedings{Goldsmith2012,
address = {Paris},
author = {Goldsmith, Paul},
booktitle = {Institut d' Astrophysique de Paris (France), CCAT Day},
title = {{Studying the Formation and Development of Molecular Clouds: with the CCAT Heterodyne Array Instrument (CHAI)}},
durl = {https://trs.jpl.nasa.gov/bitstream/handle/2014/42645/12-2032{\_}A1b.pdf?sequence=1},
year = {2012}
}
@article{Billade2012,
author = {{B. Billade, \emph{et al.}}},
doi = {10.1109/TTHZ.2011.2182220},
issn = {2156-342X},
journal = {IEEE Transactions on Terahertz Science and Technology},
keywords = {Atacama Large Millimeter/sub-millimeter Array (ALM,astronomy instruments,millimeter-wave mixers,superconducting devices,superconductor-insulator-superconductor (SIS) mixe,terahertz system,thin-film circuits},
month = mar,
number = {2},
pages = {208--214},
title = {{Performance of the First ALMA Band 5 Production Cartridge}},
durl = {http://ieeexplore.ieee.org/document/6153417/},
volume = {2},
year = {2012}
}
@article{Phillips1992,
author = {Phillips, T.G. and Keene, J.},
doi = {10.1109/5.175248},
isbn = {0018-9219},
issn = {00189219},
journal = {Proceedings of the IEEE},
number = {11},
pages = {1662--1678},
title = {{Submillimeter astronomy (heterodyne spectroscopy)}},
durl = {http://ieeexplore.ieee.org/lpdocs/epic03/wrapper.htm?arnumber=175248},
volume = {80},
year = {1992}
}
@inproceedings{Smith2008a,
author = {{H. Smith, \emph{et al.}}},
booktitle = {Millimeter and Submillimeter Detectors and Instrumentation for Astronomy IV. Edited by Duncan},
doi = {10.1117/12.790707},
editor = {Duncan, William D. and Holland, Wayne S. and Withington, Stafford and Zmuidzinas, Jonas},
isbn = {9780819472304},
issn = {0277786X},
keywords = {acsis,array,focal-plane,heterodyne,jcmt,sis,submillimetre},
month = aug,
number = {2003},
pages = {70200Z},
title = {{HARP: a submillimetre heterodyne array receiver operating on the James Clerk Maxwell Telescope}},
durl = {http://proceedings.spiedigitallibrary.org/proceeding.aspx?articleid=966600{\%}0Ahttp://proceedings.spiedigitallibrary.org/proceeding.aspx?doi=10.1117/12.790707 http://proceedings.spiedigitallibrary.org/proceeding.aspx?doi=10.1117/12.790707},
volume = {7020},
year = {2008}
}
@article{Ferriere2001a,
archivePrefix = {arXiv},
arxivId = {astro-ph/0106359},
author = {Ferri{\`{e}}re, Katia M.},
doi = {10.1103/RevModPhys.73.1031},
eprint = {0106359},
isbn = {0034-6861},
issn = {0034-6861},
journal = {Reviews of Modern Physics},
month = dec,
number = {4},
pages = {1031--1066},
primaryClass = {astro-ph},
title = {{The interstellar environment of our galaxy}},
durl = {https://link.aps.org/doi/10.1103/RevModPhys.73.1031},
volume = {73},
year = {2001}
}
@article{Graf2015,
author = {{U. Graf, \emph{et al.}}},
doi = {10.1007/s10762-015-0171-7},
issn = {1866-6892},
journal = {Journal of Infrared, Millimeter, and Terahertz Waves},
keywords = {Heterodyne array,Radio astronomy,Terahertz receiver},
month = oct,
number = {10},
pages = {896--921},
title = {{Terahertz Heterodyne Array Receivers for Astronomy}},
durl = {http://link.springer.com/10.1007/s10762-015-0171-7},
volume = {36},
year = {2015}
}
@article{Calzetti2005,
archivePrefix = {arXiv},
arxivId = {astro-ph/0507427},
author = {{D. Calzetti, \emph{et al.}}},
doi = {10.1086/466518},
eprint = {0507427},
isbn = {0004-637X},
issn = {0004-637X},
journal = {The Astrophysical Journal},
month = nov,
number = {2},
pages = {871--893},
primaryClass = {astro-ph},
title = {{Star Formation in NGC 5194 (M51a): The Panchromatic View from GALEX to Spitzer}},
durl = {http://stacks.iop.org/0004-637X/633/i=2/a=871},
volume = {633},
year = {2005}
}
@article{Dammann1977,
author = {Dammann, H. and Klotz, E.},
doi = {10.1080/713819570},
isbn = {0030-3909},
issn = {0030-3909},
journal = {Optica Acta: International Journal of Optics},
month = apr,
number = {4},
pages = {505--515},
title = {{Coherent Optical Generation and Inspection of Two-dimensional Periodic Structures}},
durl = {https://www.tandfonline.com/doi/full/10.1080/713819570},
volume = {24},
year = {1977}
}
@article{Magdis2013,
archivePrefix = {arXiv},
arxivId = {1309.3922},
author = {{G. Magdis, \emph{et al.}}},
doi = {10.1051/0004-6361/201322226},
eprint = {1309.3922},
issn = {0004-6361},
journal = {Astronomy {\&} Astrophysics},
keywords = {galaxies: active,galaxies: evolution,galaxies: star formation,galaxies: starburst,infrared: galaxies},
month = oct,
pages = {A136},
title = {{Mid- to far-infrared properties of star-forming galaxies and active galactic nuclei}},
durl = {http://adsabs.harvard.edu/abs/2013A{\%}26A...558A.136M http://www.aanda.org/10.1051/0004-6361/201322226},
volume = {558},
year = {2013}
}
@inproceedings{Sunada2000,
annote = {BEARS:

- 82 to 116 GHz
- 5x5 array (25)
- 1x5 divider
- cross-guide coupler},
author = {{K. Sunada, \emph{et al.}}},
booktitle = {Imaging at Radio through Submillimeter Wavelengths, ASP Conference Proceedings},
pages = {19--22},
title = {{Development and First Result from the NRO SIS 25 BEam Array Receiver System (BEARS)}},
year = {2000}
}
@inproceedings{Garrett2018,
address = {Los Angeles, CA},
author = {{J. Garrett, \emph{et al.}}},
booktitle = {Proceedings of the Twenty-Ninth International Symposium on Space Terahertz Technology (ISSTT)},
month = mar,
title = {{A 1x4 Focal Plane Array Using 230 GHz SIS Mixers}},
year = {2018}
}
@article{Conditions2011,
number = {January},
title = {{Introduction to HFSS Introduction to HFSS Excitations and Boundary Conditions Introduction to HFSS User-Defined Boundary Conditions ∂ t ∂ D ∇ × H = J + ∂ t Introduction to HFSS Perfect E and Perfect H Boundaries • Perfect E is perfect electrical conductor}},
year = {2011}
}
@article{Bendo2008,
archivePrefix = {arXiv},
arxivId = {0806.2758},
author = {{G. Bendo, \emph{et al.}}},
doi = {10.1111/j.1365-2966.2008.13567.x},
eprint = {0806.2758},
issn = {00358711},
journal = {Monthly Notices of the Royal Astronomical Society},
keywords = {Galaxies: ISM,Infrared: galaxies},
month = sep,
number = {2},
pages = {629--650},
title = {{The relations among 8, 24 and 160 $\mu$m dust emission within nearby spiral galaxies}},
durl = {https://academic.oup.com/mnras/article-lookup/doi/10.1111/j.1365-2966.2008.13567.x},
volume = {389},
year = {2008}
}
@article{Matula1979,
author = {Matula, R. a.},
doi = {10.1063/1.555614},
issn = {00472689},
journal = {Journal of Physical and Chemical Reference Data},
keywords = {resistivity,thermal resistivity},
number = {4},
pages = {1147},
title = {{Electrical resistivity of copper, gold, palladium, and silver}},
durl = {http://scitation.aip.org/content/aip/journal/jpcrd/8/4/10.1063/1.555614},
volume = {8},
year = {1979}
}
@article{Gurvitch1983,
author = {Gurvitch, M. and Washington, M. A. and Huggins, H. A.},
doi = {10.1063/1.93974},
issn = {0003-6951},
journal = {Applied Physics Letters},
month = mar,
number = {5},
pages = {472--474},
title = {{High quality refractory Josephson tunnel junctions utilizing thin aluminum layers}},
durl = {http://aip.scitation.org/doi/10.1063/1.93974},
volume = {42},
year = {1983}
}
@article{Ho1989,
author = {Ho, T.Q. and Shih, Y.-C. and {Yi-Chi Shih}},
doi = {10.1109/22.20065},
isbn = {0018-9480},
issn = {00189480},
journal = {IEEE Transactions on Microwave Theory and Techniques},
keywords = {Calculus,Dielectrics,E-plane waveguide,Impedance,Integral equations,Ka-band frequencies,Microstrip,Printed circuits,Probes,Rectangular waveguides,Waveguide theory,Waveguide transitions,backshort location,dielectric layer,input impedance,integral equation,microstrip,printed circuit board,probe length,rectangular waveguide,rectangular waveguides,residue calculus theorem,spectral analysis,spectral-domain technique,strip lines,transition,waveguide housing},
number = {2},
pages = {388--392},
title = {{Spectral-domain analysis of E-plane waveguide to microstrip transitions}},
durl = {http://ieeexplore.ieee.org/lpdocs/epic03/wrapper.htm?arnumber=20065},
volume = {37},
year = {1989}
}
@article{Yassin1997,
author = {{G. Yassin, \emph{et al.}}},
doi = {10.1049/el:19970314},
issn = {00135194},
journal = {Electronics Letters},
month = mar,
number = {6},
pages = {498--500},
title = {{Broadband 230 GHz finline mixer for astronomical imaging arrays}},
durl = {http://digital-library.theiet.org/content/journals/10.1049/el{\_}19970314},
volume = {33},
year = {1997}
}
@article{Blundell1988,
author = {Blundell, R. and Carter, M. and Gundlach, K. H.},
doi = {10.1007/BF01013394},
issn = {0195-9271},
journal = {International Journal of Infrared and Millimeter Waves},
keywords = {low-noise receiver,mm-wave mixer,superconductor-insulator-superconductor junctions},
month = apr,
number = {4},
pages = {361--370},
title = {{A low noise SIS receiver covering the frequency range 215?250 GHz}},
durl = {http://link.springer.com/10.1007/BF01013394},
volume = {9},
year = {1988}
}
@article{Leech2011,
author = {{J. Leech, \emph{et al.}}},
doi = {10.1051/0004-6361/201117124},
issn = {0004-6361},
journal = {Astronomy {\&} Astrophysics},
keywords = {cosmic background radiation,detectors,general,instrumentation,photometers,polarimeters,spectrographs,submillimeter},
month = aug,
pages = {A61},
title = {{Multiple flare-angle horn feeds for sub-mm astronomy and cosmic microwave background experiments}},
durl = {http://adsabs.harvard.edu/abs/2011A{\&}A...532A..61L{\%}5Cnhttp://www.aanda.org/10.1051/0004-6361/201117124 http://www.aanda.org/10.1051/0004-6361/201117124},
volume = {532},
year = {2011}
}
@article{Jensen2017,
archivePrefix = {arXiv},
arxivId = {1706.04811},
author = {{J. Jensen, \emph{et al.}}},
doi = {10.1093/mnras/stx1447},
eprint = {1706.04811},
issn = {0035-8711},
journal = {Monthly Notices of the Royal Astronomical Society},
keywords = {1 i n t,active,evolution is a fundamental,galaxies,infrared,observed strong correlations,part of current astronomical,research,ro d u c,seyfert,t i o n,understanding galaxy formation and},
month = sep,
number = {3},
pages = {3071--3094},
title = {{PAH features within few hundred parsecs of active galactic nuclei}},
durl = {http://arxiv.org/abs/1706.04811{\%}0Ahttp://dx.doi.org/10.1093/mnras/stx1447 https://academic.oup.com/mnras/article/470/3/3071/3866921},
volume = {470},
year = {2017}
}
@inproceedings{Ermakov2016,
address = {Nanjing},
author = {{A. Ermakov, \emph{et al.}}},
booktitle = {Proceedings of the Twenty-Seventh International Symposium on Space Terahertz Technology (ISSTT)},
title = {{Broken-step Phenomenon in SIS Mixers}},
year = {2016}
}
@article{Kopp2009,
author = {Kopp, M},
journal = {Users Guide ANSYS},
title = {{An Introduction to HFSS: Fundamental Principles, Concepts, and Use}},
year = {2009}
}
@article{Yassin1995,
author = {Yassin, G. and Withington, S.},
doi = {10.1088/0022-3727/28/9/028},
issn = {0022-3727},
journal = {Journal of Physics D: Applied Physics},
month = sep,
number = {9},
pages = {1983--1991},
title = {{Electromagnetic models for superconducting millimetre-wave and sub-millimetre-wave microstrip transmission lines}},
durl = {http://iopscience.iop.org/0022-3727/28/9/028{\%}5Cnhttp://www.iop.org/EJ/abstract/0022-3727/28/9/028/{\%}5Cnhttp://stacks.iop.org/0022-3727/28/i=9/a=028?key=crossref.2d73ee196fa319f06c75e1bb3476dc4c http://stacks.iop.org/0022-3727/28/i=9/a=028?key=crossref.2d73},
volume = {28},
year = {1995}
}
@article{Turneaure1991,
author = {Turneaure, J. P. and Halbritter, J. and Schwettman, H. A.},
doi = {10.1007/BF00618215},
issn = {0896-1107},
journal = {Journal of Superconductivity},
keywords = {Surface impedance,microwave absorption,normal conductor,penetration depth,superconductor},
month = oct,
number = {5},
pages = {341--355},
title = {{The surface impedance of superconductors and normal conductors: The Mattis-Bardeen theory}},
durl = {http://link.springer.com/10.1007/BF00618215},
volume = {4},
year = {1991}
}
@article{Bothwell2012,
archivePrefix = {arXiv},
arxivId = {1205.1511},
author = {{M. Bothwell, \emph{et al.}}},
doi = {10.1093/mnras/sts562},
eprint = {1205.1511},
keywords = {cosmology,evolution,formation,galaxies,observations},
month = may,
number = {May},
title = {{A survey of molecular gas in luminous sub-millimetre galaxies}},
durl = {http://arxiv.org/abs/1205.1511 http://dx.doi.org/10.1093/mnras/sts562},
volume = {5},
year = {2012}
}
@article{YadranjeeAghdam2016,
author = {{P. {Yadranjee Aghdam}, \emph{et al.}}},
doi = {10.1063/1.4941346},
issn = {0021-8979},
journal = {Journal of Applied Physics},
month = feb,
number = {5},
pages = {054502},
title = {{Dependence of the scatter of the electrical properties on local non-uniformities of the tunnel barrier in Nb/Al-AlOx/Nb junctions}},
durl = {http://dx.doi.org/10.1063/1.4941346 http://scitation.aip.org/content/aip/journal/jap/119/5/10.1063/1.4941346},
volume = {119},
year = {2016}
}
@article{KRAMERS1924,
author = {Kramers, H. A.},
doi = {10.1038/114310b0},
issn = {0028-0836},
journal = {Nature},
month = aug,
number = {2861},
pages = {310--311},
title = {{The Quantum Theory of Dispersion}},
durl = {http://www.nature.com/articles/114310b0},
volume = {114},
year = {1924}
}
@inproceedings{Schuster2000,
address = {Munich},
author = {{K. Schuster, \emph{et al.}}},
booktitle = {Proceedings of SPIE Vol. 4015: Radio Telescopes},
doi = {10.1117/12.390419},
editor = {Butcher, Harvey R.},
issn = {0277786X},
keywords = {millimeter wave astronomy,multibeam systems,sis receivers},
month = jul,
pages = {260--267},
title = {{The IRAM 230 GHz Multibeam Receiver}},
durl = {http://proceedings.spiedigitallibrary.org/proceeding.aspx?articleid=900853},
year = {2000}
}
@misc{GILDASteam2006,
author = {GILDAS team},
title = {{CLASS: Continuum and Line Analysis Single-dish Software}},
durl = {https://www.iram.fr/IRAMFR/GILDAS/doc/html/class-html/class.html},
year = {2006}
}
@article{Dubash1995,
author = {Dubash, N.B. and Wengler, M.J. and Zmuidzinas, Jonas},
doi = {10.1109/77.403299},
issn = {10518223},
journal = {IEEE Transactions on Appiled Superconductivity},
month = jun,
number = {2},
pages = {3308--3311},
title = {{Shot noise and photon-induced correlations in 500 GHz SIS detectors}},
durl = {http://ieeexplore.ieee.org/lpdocs/epic03/wrapper.htm?arnumber=403299},
volume = {5},
year = {1995}
}
@article{Solomon2005,
archivePrefix = {arXiv},
arxivId = {astro-ph/0508481},
author = {Solomon, P.M. and {Vanden Bout}, P.A.},
doi = {10.1146/annurev.astro.43.051804.102221},
eprint = {0508481},
issn = {0066-4146},
journal = {Annual Review of Astronomy and Astrophysics},
keywords = {abstract the early universe,are a,early universe,emgs,galaxies,hold great promise for,interstellar matter,molecular emission line galaxies,only 36 examples that,population of galaxies with,starbursts,the study},
month = sep,
number = {1},
pages = {677--725},
primaryClass = {astro-ph},
title = {{Molecular Gas at High Redshift}},
durl = {http://adsabs.harvard.edu/abs/2005ARA{\&}A..43..677S http://www.annualreviews.org/doi/10.1146/annurev.astro.43.051804.102221},
volume = {43},
year = {2005}
}
@article{Aghdam2015,
author = {{P. Aghdam, \emph{et al.}}},
doi = {10.1109/TTHZ.2015.2413214},
issn = {2156-342X},
journal = {IEEE Transactions on Terahertz Science and Technology},
month = may,
number = {3},
pages = {464--469},
title = {{Direct Measurement of Superconducting Tunnel Junction Capacitance}},
durl = {http://ieeexplore.ieee.org/lpdocs/epic03/wrapper.htm?arnumber=7069183},
volume = {5},
year = {2015}
}
@article{Zmuidzinas2012,
author = {Zmuidzinas, Jonas},
doi = {10.1146/annurev-conmatphys-020911-125022},
keywords = {detectors,kinetic inductance,microwave,quantum},
title = {{Superconducting Microresonators : Physics and Applications}},
year = {2012}
}
@phdthesis{Qi2001,
author = {Qi, Xiaoning},
school = {Stanford},
title = {{High Frequency Characterization and Modeling of On-Chip Interconnects and RF IC Wire Bonds}},
durl = {http://gloworm.stanford.edu/tcad/pubs/theses/qi.pdf},
year = {2001}
}
@article{Fujii2013,
author = {{Y. Fujii, \emph{et al.}}},
doi = {10.1109/TTHZ.2012.2236147},
issn = {2156-342X},
journal = {IEEE Transactions on Terahertz Science and Technology},
month = jan,
number = {1},
pages = {39--49},
title = {{The First Six ALMA Band 10 Receivers}},
durl = {http://ieeexplore.ieee.org/document/6423869/},
volume = {3},
year = {2013}
}
@inproceedings{Sunada2000a,
author = {{K. Sunada, \emph{et al.}}},
booktitle = {Astronomical Telescopes and Instrumentation},
doi = {10.1117/12.390416},
editor = {Butcher, Harvey R.},
keywords = {autocorrelator,focal plane array receiver,high speed digitizer,radio,remote control,sis receiver},
month = jul,
pages = {237--246},
title = {{BEARS - SIS 25-Beam Array Receiver System for the NRO 45-m Telescope}},
durl = {http://proceedings.spiedigitallibrary.org/proceeding.aspx?articleid=900837{\&}resultClick=1 http://proceedings.spiedigitallibrary.org/proceeding.aspx?articleid=900837},
volume = {4015},
year = {2000}
}
@article{Belitsky1993,
author = {{V. Belitsky, \emph{et al.}}},
doi = {10.1007/BF02084571},
issn = {0195-9271},
journal = {International Journal of Infrared and Millimeter Waves},
keywords = {0,00,0195-9271,01993 plenum pul-,0949507,600,93,l,millimeter wave,o corpol,sis mixer,superconductor,tion},
month = may,
number = {5},
pages = {949--957},
title = {{100 GHz mixer vertically integrated (stacked) SIS junction array}},
durl = {http://link.springer.com/10.1007/BF02084571},
volume = {14},
year = {1993}
}
@article{Tan2013b,
author = {Tan, Boon-kok and Yassin, Ghassan and Grimes, Paul},
pages = {8--10},
title = {{A Simple Method to Widen the IF Bandwidth of a High Frequency SIS Mixer}},
year = {2013}
}
@incollection{Goldsmith2009a,
author = {Goldsmith, Paul F.},
booktitle = {Quasioptical Systems},
doi = {10.1109/9780470546291.ch2},
isbn = {0-7803-3439-6},
pages = {9--38},
title = {{Gaussian Beam Propagation}},
durl = {http://ieeexplore.ieee.org/search/srchabstract.jsp?arnumber=5264484},
year = {2009}
}
@article{Isaak2000,
author = {Isaak, K. G. and Withington, S. and Yassin, G.},
doi = {10.1023/A:1026405007342},
issn = {01959271},
journal = {International Journal of Infrared and Millimeter Waves},
number = {9},
pages = {1427--1439},
title = {{An Accurate Method for Determining the IF Noise in SIS Heterodyne Receviers}},
durl = {http://link.springer.com/10.1023/A:1026405007342},
volume = {21},
year = {2000}
}
@inproceedings{Gusten2008,
author = {{R. G{\"{u}}sten, \emph{et al.}}},
booktitle = {Proc. SPIE},
doi = {10.1117/12.788271},
editor = {Duncan, William D. and Holland, Wayne S. and Withington, Stafford and Zmuidzinas, Jonas},
isbn = {9780819472304},
issn = {0277786X},
keywords = {THz},
month = aug,
pages = {702010},
title = {{Submillimeter heterodyne arrays for APEX}},
durl = {http://proceedings.spiedigitallibrary.org/proceeding.aspx?doi=10.1117/12.788271},
volume = {7020},
year = {2008}
}
@article{Carlstrom2011,
archivePrefix = {arXiv},
arxivId = {0907.4445},
author = {{J. Carlstrom, \emph{et al.}}},
doi = {10.1086/659879},
eprint = {0907.4445},
isbn = {0004-6280},
issn = {00046280},
journal = {Publications of the Astronomical Society of the Pacific},
month = may,
number = {903},
pages = {568--581},
title = {{The 10 Meter South Pole Telescope}},
durl = {http://iopscience.iop.org/article/10.1086/659879},
volume = {123},
year = {2011}
}
@inproceedings{Kloosterman2014,
author = {{J. Kloosterman, \emph{et al.}}},
booktitle = {2014 39th International Conference on Infrared, Millimeter, and Terahertz waves (IRMMW-THz)},
doi = {10.1109/IRMMW-THz.2014.6956072},
isbn = {978-1-4799-3877-3},
issn = {21622035},
month = sep,
pages = {1--2},
publisher = {IEEE},
title = {{Engineering and science data from SuperCam: A 64-pixel heterodyne receiver for CO J=3-2 at 345 GHz}},
durl = {http://ieeexplore.ieee.org/document/6956072/},
year = {2014}
}
@article{Wikipedia2015a,
author = {Wikipedia},
pages = {1--4},
title = {{Gunn diode}},
year = {2015}
}
@misc{CCAT2015,
title = {{The CCAT Project}},
durl = {http://www.ccatobservatory.org/docs/ccat-posters-brochures/AASposter2{\_}2014Jan.pdf},
year = {2015}
}
@article{Schneider2009,
archivePrefix = {arXiv},
arxivId = {0902.1642},
author = {Schneider, Nicola and Urban, Joachim and Baron, Philippe},
doi = {10.1016/j.pss.2009.07.002},
eprint = {0902.1642},
issn = {00320633},
journal = {Planetary and Space Science},
keywords = {Atmospheric transmission,Radiotelescopes and instrumentation},
month = oct,
number = {12},
pages = {1419--1433},
publisher = {Elsevier},
title = {{Potential of radiotelescopes for atmospheric line observations: I. Observation principles and transmission curves for selected sites}},
durl = {http://dx.doi.org/10.1016/j.pss.2009.07.002 http://linkinghub.elsevier.com/retrieve/pii/S0032063309001998},
volume = {57},
year = {2009}
}
@inproceedings{Smith2003,
author = {{H. Smith, \emph{et al.}}},
booktitle = {Proc. SPIE},
doi = {10.1117/12.459674},
editor = {Phillips, Thomas G. and Zmuidzinas, Jonas},
isbn = {0277-786X},
issn = {0277786X},
month = feb,
number = {2003},
pages = {338},
title = {{HARP-B: a 350-GHz 16-element focal plane array for the James Clerk Maxwell telescope}},
durl = {http://dx.doi.org/10.1117/12.459674 http://proceedings.spiedigitallibrary.org/proceeding.aspx?doi=10.1117/12.459674},
volume = {4855},
year = {2003}
}
@article{Zmuidzinas2004,
author = {Zmuidzinas, Jonas and Richards, P.L.},
doi = {10.1109/JPROC.2004.833670},
isbn = {0018-9219},
issn = {0018-9219},
journal = {Proceedings of the IEEE},
keywords = {Astronomy,Millimeter-wave detectors,Radio astronomy,Submillimeter-wave detectors,Superconducting devices,Superconducting radiation detectors,Superconductor-insulator-superconductor mixers},
month = oct,
number = {10},
pages = {1597--1616},
title = {{Superconducting detectors and mixers for millimeter and submillimeter astrophysics}},
durl = {http://ieeexplore.ieee.org/lpdocs/epic03/wrapper.htm?arnumber=1335551},
volume = {92},
year = {2004}
}
@article{Bank2005,
author = {{G. Bank, \emph{et al.}}},
journal = {Vacuum},
number = {315},
title = {{National Radio Astronomy Observatory Green Bank, West Virginia ELECTRONICS DIVISION INTERNAL REPORT NO. 315}},
year = {2005}
}
@article{,
number = {2},
pages = {1--12},
title = {{6 . 975 Lecture 2 : Classical and Quantum Models of Superconductors}},
year = {2003}
}
